2296 3512
1055 301 1371 341 —624—

398 427 734 471 Antelminellis
768 440 904 482 super
925 427 1134 469 habenda
1165 427 1495 470 certificacione
1527 428 1580 470 de
1612 441 1737 470 more
1758 428 2023 471 Italicorum

399 497 636 541 feudorum
667 497 906 553 rescripsit
954 498 994 540 ei
1024 497 1144 540 inter
1176 498 1267 540 alia
1314 501 1358 541 et
1391 497 1670 550 certificavit,
1714 502 1765 540 ut
1803 499 2020 555 sequitur.

542 568 664 610 Ordo
695 568 819 610 feudi
850 568 1000 610 Italici
1032 569 1287 612 destinatur
1318 569 1611 624 infrascripto
1638 570 1771 612 modo
1794 569 2022 612 videlicet:

542 638 743 691 Quilibet
760 638 985 681 vassallus
1009 641 1189 681 tenetur
1211 639 1393 681 obedire
1411 644 1455 681 et
1477 640 1647 682 servire
1667 640 1861 693 domino,
1886 653 1912 682 a
1935 653 2023 695 quo

400 709 582 752 feudum
614 709 790 765 recipit.

540 780 597 822 Et
617 780 765 836 primo
784 781 963 836 quando
986 780 1238 836 imperator
1255 780 1382 822 vadit
1396 780 1587 822 Romam
1611 781 1668 823 ad
1690 781 2024 836 suscipiendam

401 864 614 893 coronam
660 851 791 893 debet
839 851 1071 893 dominum
1116 864 1246 893 suum
1293 850 1495 893 asociare
1546 851 1617 892 vel
1660 851 1799 893 alium
1842 852 2023 894 domino

400 922 725 978 acceptabilem
757 935 840 977 pro
863 935 911 965 se
937 921 1119 963 mittere
1154 924 1233 963 aut
1259 921 1497 963 dimidium
1519 921 1724 964 redditus
1746 921 1870 964 feudi
1890 923 2024 965 11111118

401 992 507 1034 anni
540 992 683 1034 eidem
716 992 1079 1035 subministrare.

541 1062 745 1105 Secundo
767 1076 850 1118 pro
873 1062 1099 1118 imperiali
1124 1063 1323 1104 exercitu
1347 1096 1355 1103 .
1377 1096 1384 1103 .
1407 1096 1414 1103 .
1458 1063 1590 1104 debet
1616 1062 1798 1105 domino
1820 1062 2025 1106 conferre

330 1121 333 1123 μ
400 1135 647 1176 secundum
683 1133 949 1189 qualitatem
983 1136 1026 1175 et
1064 1133 1366 1189 quantitatem
1399 1133 1471 1176 8111
1503 1133 1637 1175 feudi.

541 1203 697 1247 Tercio
732 1204 942 1246 similiter
994 1205 1129 1246 debet
1182 1204 1385 1246 conferre
1442 1207 1485 1246 et
1542 1204 1760 1246 adiuvare
1794 1205 2025 1247 dominum

400 1274 539 1317 simili
571 1276 705 1317 modo
739 1288 822 1331 pro
854 1274 949 1317 filia
980 1275 1253 1317 maritanda.

541 1346 716 1398 Quarto
748 1359 831 1401 pro
865 1359 912 1388 se
944 1346 1015 1387 vel
1047 1345 1141 1387 filio
1174 1346 1318 1388 milite
1351 1345 1570 1387 faciendo.

542 1416 710 1470 Quinto
742 1430 826 1472 pro
860 1416 1041 1459 domino
1076 1421 1210 1472 capto
1243 1417 1517 1459 redimendo.

542 1487 678 1530 Sexto
731 1501 814 1543 pro
869 1488 1023 1544 aliqua
1075 1491 1199 1530 terra
1252 1489 1451 1530 emenda.
1525 1488 1582 1529 Et
1629 1488 1675 1529 in
1716 1487 1802 1529 hiis
1836 1487 2026 1542 quisque

400 1572 578 1614 semper
611 1559 857 1601 secundum
891 1559 1160 1614 qualitatem
1185 1562 1228 1600 et
1249 1559 1554 1613 quantitatem
1579 1559 1650 1601 sui
1673 1558 1806 1601 feudi.
1870 1559 2027 1600 Preter

399 1629 481 1671 hec
521 1632 701 1671 tenetur
741 1630 894 1672 onmia
935 1631 1190 1682 observare,
1233 1644 1318 1685 que
1365 1630 1411 1671 in
1459 1633 1745 1672 sacramento
1791 1628 2025 1672 fidelitatis

401 1704 629 1742 caventur.
694 1701 860 1743 Forma
892 1701 1166 1743 sacramenti
1199 1701 1281 1742 hec
1312 1704 1392 1743 est.

540 1782 624 1827 Reg.
657 1783 723 1817 341
744 1783 770 1818 f.
805 1784 861 1819 lv.
918 1782 1078 1817 Winkler
1111 1783 1147 1816 in
1172 1783 1305 1817 seinem
1330 1782 1451 1817 Buche
1483 1782 1571 1817 iiber
1599 1782 1799 1818 Castruccio
1825 1782 2025 1818 Castracani

400 1840 507 1875 kennt
533 1841 626 1876 diese
652 1841 950 1886 Verbandlungen
975 1842 1083 1877 nicht.

402 1983 499 2025 396.
535 1984 803 2037 (Ferrarius
830 1984 886 2026 de
908 1984 1085 2039 Apilia)
1118 1997 1177 2026 an
1203 1985 1366 2040 Jayme
1387 1985 1476 2027 IL:
1508 1984 1674 2027 Kritik
1696 1984 1775 2026 des
1801 1982 2025 2026 Friedens

401 2055 490 2096 mit
521 2054 643 2096 Pisa.
706 2056 793 2097 Die
825 2055 1024 2097 Pisaner
1055 2056 1182 2097 seien
1215 2055 1467 2109 allgemein
1499 2055 1568 2097 als
1599 2055 1781 2097 treulos
1821 2054 2026 2096 bekannt

400 2124 495 2167 und
526 2137 622 2167 nun
652 2125 770 2167 habe
802 2138 910 2167 man
941 2127 991 2167 in
1024 2124 1273 2168 Sardinien
1305 2126 1409 2168 dem
1440 2125 1611 2168 Namen
1641 2126 1760 2168 nach
1797 2125 2025 2177 Vasallen,

400 2195 451 2237 in
482 2195 731 2238 Wahrheit
762 2196 949 2239 Feinde.
1011 2197 1116 2249 Rat,
1162 2197 1266 2239 eine
1305 2197 1452 2238 Reihe
1488 2196 1860 2250 Befestigungen
1891 2207 2024 2237 anzu-

400 2266 553 2319 legen.
614 2266 880 2320 Empfiehlt‚
913 2267 1016 2309 dem
1049 2268 1304 2321 „amicus“‚
1338 2267 1421 2309 der
1453 2266 1599 2309 durch
1633 2268 1760 2309 seine
1786 2266 2025 2309 Verhand-

401 2337 577 2390 lungen
608 2337 698 2378 mit
731 2337 835 2379 dem
856 2338 1011 2382 Judex
1032 2350 1122 2381 von
1143 2338 1354 2380 Arborea
1376 2338 1463 2380 den
1485 2338 1681 2380 Anstoss
1713 2338 1920 2391 gegeben
1942 2349 2026 2378 zur

444 2407 735 2461 Ereberung‚
767 2409 843 2450 ein
875 2409 1030 2451 Lehen
1063 2421 1117 2451 zu
1149 2410 1311 2463 geben.
1374 2408 1588 2462 Avignon
1620 2408 1774 2463 (1324)
1805 2408 1906 2452 Juli
1936 2407 1979 2448 6.

545 2499 680 2543 Sacre
714 2502 837 2557 regie
876 2503 1133 2558 magestati.
1205 2503 1272 2545 De
1295 2503 1563 2545 Pisanorum
1584 2516 1695 2558 pace
1720 2506 1762 2545 et
1785 2501 2025 2544 concordia

400 2572 515 2615 satis
558 2572 728 2614 amicus
771 2575 814 2614 et
855 2573 969 2627 regii
1002 2573 1152 2615 devoti
1185 2574 1398 2629 gaudent,
1432 2576 1501 2615 set
1534 2574 1587 2615 de
1619 2574 1752 2615 modo
1787 2571 2023 2615 concordie

402 2642 519 2684 dicte
557 2643 683 2698 pacis
728 2643 961 2699 predictus
995 2644 1166 2687 amicus
1201 2647 1243 2686 et
1275 2644 1391 2700 regii
1424 2644 1575 2686 devoti
1606 2657 1698 2686 non
1732 2643 2024 2686 consolantur

401 2727 484 2755 nec
531 2716 872 2765 contentantur,
923 2727 1022 2755 cum
1070 2715 1239 2757 dictam
1286 2729 1444 2771 pacem
1497 2717 1711 2770 reputent
1761 2714 1925 2756 bonam
1980 2716 2024 2755 et

402 2783 561 2825 utilem
594 2798 676 2839 pro
710 2784 901 2837 Pisanis,
934 2787 1003 2826 set
1034 2785 1184 2828 minus
1208 2787 1373 2827 bonam
1407 2788 1450 2827 et
1473 2798 1679 2828 securam
1702 2784 1824 2840 regie
1846 2797 2022 2839 mages-

402 2854 502 2907 tati,
541 2855 755 2911 precipue
798 2869 897 2897 cum
941 2855 1049 2897 dicti
1093 2856 1247 2898 Pisani
1288 2856 1429 2899 astuti
1471 2859 1515 2898 et
1547 2868 1734 2911 sagaces
1768 2868 1820 2896 ac
1851 2854 2023 2896 inimici

403 2925 569 2968 occulti
600 2939 833 2967 remanere
866 2926 1063 2967 habeant
1096 2926 1141 2968 in
1175 2925 1398 2968 Sardinia.
1462 2927 1515 2969 In
1548 2939 1637 2981 qua
1661 2925 1870 2968 continue
1894 2925 2021 2967 dubi-

402 2998 540 3048 tatur,
590 2997 709 3051 quod
751 2996 1021 3038 insidientur
1068 3029 1076 3037 .
1122 3031 1129 3038 .
1177 3030 1185 3037 .
1235 2997 1422 3039 dominii
1464 2997 1590 3051 regii.
1676 2996 1781 3038 Ideo
1828 2995 2021 3038 multum

403 3067 651 3109 timendum
700 3070 766 3110 est
814 3068 867 3109 de
914 3068 1082 3111 talibus
1130 3067 1434 3110 familiaribus
1473 3066 1682 3119 inimicis,
1732 3067 1838 3122 quia
1884 3066 2022 3108 nichil
