2296 3512
872 251 1189 291 —787—

224 376 422 418 conferet
466 376 528 418 eis
575 377 627 418 de
660 377 792 419 dictis
825 377 1071 419 benefficiis
1104 382 1186 431 tot,
1233 381 1387 434 quota)
1420 393 1501 423 vos
1536 380 1707 435 eritisb)
1742 415 1749 422 .
1786 415 1793 422 .
1831 415 1838 422 .

222 447 280 488 Et
321 459 401 501 ego
435 446 529 488 dixi
561 447 660 498 sibi,
696 447 734 489 si
764 447 965 500 volebat,
1000 448 1120 503 quod
1153 462 1234 503 ego
1269 450 1512 492 scriberem
1544 451 1673 493 vobis
1705 464 1842 506 super

222 517 317 558 hoc.
381 517 440 558 Et
470 517 568 572 ipse
601 517 715 558 dixit
755 518 951 572 m[ichi],
997 519 1117 574 quod
1165 520 1381 562 audacter
1422 521 1665 564 scriberem
1698 522 1840 564 vobis.

222 588 280 629 Et
311 587 376 629 sic
407 587 612 641 potestis,
646 587 837 640 domine,
871 589 1106 630 nominare
1129 588 1330 642 clericos,
1364 604 1477 645 quos
1500 592 1735 635 volueritis
1756 605 1841 648 pro

223 657 354 699 dictis
403 656 647 700 benefficiis
690 662 733 700 et
770 659 1046 714 signifficare
1079 660 1261 701 domino
1294 674 1411 716 pape
1443 675 1524 717 per
1555 662 1712 705 literas
1744 676 1842 706 ves-

223 732 332 779 tras,
366 727 436 769 vel
469 728 584 770 sicut
616 729 745 771 vobis
772 729 1007 784 placuerit.
1061 729 1307 772 Benefficia
1341 733 1580 774 vaccancia
1613 747 1695 788 ego
1727 733 1843 775 scire

223 812 309 840 non
342 798 482 852 potui,
518 799 624 854 quia
657 799 830 851 clerici,
865 800 941 855 qui
972 800 1367 854 renunciaverunt,
1408 803 1568 844 nolunt
1599 804 1765 856 dicere,
1800 807 1843 846 et

224 868 632 922 vicecancellarius,
667 870 744 925 qui
770 871 940 926 recepit
963 872 1355 914 renunciacionem
1379 873 1432 914 ab
1459 873 1699 928 aliquibus,
1732 874 1843 917 facit

223 939 342 994 eosc)
374 939 540 992 iurare,
575 942 694 996 quod
727 954 815 983 non
848 942 1049 984 revelent
1081 942 1248 984 alicui.
1279 976 1288 984 .
1324 977 1331 984 .
1401 944 1617 986 Dominus
1640 945 1843 1000 Philipus

223 1009 275 1051 de
307 1009 538 1052 Maioricis
570 1011 707 1053 habet
739 1011 958 1067 recipere,
991 1012 1097 1054 licet
1129 1013 1260 1068 quasi
1301 1016 1498 1065 coactus,
1532 1014 1843 1070 episcopatum

223 1080 275 1121 de
314 1080 532 1136 Mirapice
572 1085 616 1124 et
654 1082 720 1125 sic
751 1083 979 1124 vacabunt
1023 1097 1075 1124 ex
1118 1083 1203 1125 hoc
1234 1083 1368 1139 plura
1401 1084 1648 1127 benefficia.
1712 1085 1845 1127 Multi

223 1150 300 1192 alii
344 1152 736 1206 renunciaverunt,
781 1156 849 1195 set
893 1154 1145 1209 ignoratur,
1192 1168 1277 1210 que
1310 1154 1558 1197 benefficia.
1622 1155 1845 1198 Dominus

220 1234 342 1277 papa
376 1256 383 1263 .
420 1257 427 1263 .
464 1257 471 1264 .
507 1224 729 1266 concessit
777 1226 886 1266 dare
929 1225 1179 1267 Laurencio
1229 1225 1460 1280 Martini1)
1515 1226 1844 1280 canonicatum,

223 1305 355 1346 quem
388 1293 515 1348 pecii,
548 1294 593 1335 in
626 1295 1096 1350 recompensacionem
1130 1295 1315 1338 ecclesie
1338 1297 1392 1338 de
1415 1295 1632 1349 Corbara,
1668 1297 1774 1352 quia
1798 1297 1845 1339 in

221 1362 301 1405 illa
341 1364 464 1406 nullo
497 1366 630 1407 modo
664 1365 950 1422 dispensaret
981 1380 1063 1408 nec
1095 1380 1195 1408 cum
1229 1367 1547 1409 archidiacono
1579 1367 1846 1422 Bar[chino-

222 1434 408 1489 nensi?],
442 1435 548 1477 licet
571 1450 597 1478 a
623 1436 830 1492 pluribus
863 1437 981 1479 idem
1013 1440 1202 1493 rogatus
1236 1438 1373 1480 fuerit
1406 1451 1486 1479 nec
1519 1452 1619 1480 cum
1643 1438 1732 1481 alio
1756 1438 1845 1481 dis-

221 1518 413 1560 pensare
460 1507 603 1549 voluit
651 1511 809 1550 contra
857 1508 1230 1550 constitucionem
1280 1521 1422 1550 suam.
1498 1509 1565 1550 De
1612 1509 1846 1564 preposito

221 1575 577 1620 Terrachonensi
610 1579 844 1634 respondit
876 1579 1025 1631 michi,
1049 1582 1258 1634 presente
1290 1580 1512 1635 magistro
1539 1580 1673 1621 Petro
1695 1579 1846 1631 Fabri,

223 1648 339 1702 quod
374 1661 455 1690 nec
487 1648 576 1704 ipsi
607 1662 687 1690 nec
721 1649 875 1702 alicui,
909 1649 987 1705 qui
1019 1650 1147 1692 vobis
1182 1653 1300 1692 esset
1331 1650 1553 1706 ingratus,
1586 1650 1848 1705 provideret

222 1718 267 1759 in
299 1721 424 1760 terra
455 1723 620 1761 vestra.
669 1720 838 1762 Tamen
870 1720 1129 1776 prepositus
1162 1720 1248 1762 fuit
1281 1721 1354 1762 hic
1380 1755 1386 1762 .
1414 1755 1421 1762 .
1448 1755 1455 1762 .
1482 1724 1525 1762 et
1556 1721 1763 1772 intendit,
1796 1723 1849 1762 ut

223 1788 371 1841 didici,
419 1791 538 1845 quod
570 1804 659 1832 non
692 1790 877 1833 habebit
910 1791 1117 1833 dimitere
1150 1792 1488 1846 preposituram
1521 1794 1710 1847 propter
1743 1805 1845 1834 con-

224 1860 509 1902 stitucionem
543 1862 713 1903 domini
745 1875 863 1917 pape
899 1896 906 1903 .
944 1896 951 1903 .
984 1896 991 1903 .
1055 1862 1217 1903 Nuncii
1250 1862 1369 1917 regis
1400 1862 1590 1904 Francie
1623 1862 1769 1904 adhuc
1800 1862 1845 1903 in

223 1944 389 1986 magna
423 1932 636 1974 comitiva
667 1936 773 1976 sunt
799 1933 871 1974 hic
895 1935 938 1974 et
961 1946 1109 1975 comes
1132 1933 1165 1974 F
1168 1932 1469 1987 landrensisd)
1504 1932 1714 1975 similiter
1746 1946 1847 1974 cum

225 2015 391 2057 magna
434 2003 647 2045 comitiva
691 2005 892 2059 equitum
937 2006 1202 2059 expectatur
1234 2005 1287 2046 de
1322 2004 1392 2046 die
1424 2004 1470 2045 in
1503 2003 1635 2056 diem,
1681 2007 1724 2046 et
1755 2004 1847 2046 iam

226 2076 330 2115 sunt
361 2087 444 2128 pro
478 2087 528 2115 eo
561 2077 744 2130 recepta
776 2074 981 2130 hospicia
1015 2108 1022 2115 .
1056 2108 1063 2116 .
1101 2109 1108 2116 .
1172 2076 1275 2117 Dat.
1310 2075 1534 2116 Auinione
1566 2075 1724 2129 vigilia
1757 2075 1847 2129 epi-

224 2143 388 2199 phanie
421 2145 603 2186 domini.

366 2224 456 2260 CRD
483 2228 547 2269 Ap.
574 2226 629 2260 90.
681 2226 738 2261 Or.
765 2227 847 2270 Pap.
875 2227 951 2271 Ssp.
1001 2227 1201 2261 Dalmacius
1239 2227 1359 2260 wurde
1397 2237 1453 2261 am
1491 2226 1547 2262 24.
1573 2225 1774 2261 November
1804 2236 1847 2260 an

224 2284 278 2318 die
304 2284 412 2318 Kurie
439 2285 592 2328 gesandt.
642 2285 719 2329 Vgl.
745 2285 829 2330 Reg.
858 2287 924 2322 337
951 2286 976 2320 f.
1003 2285 1084 2320 277.

226 2419 323 2458 492.
341 2414 393 2458 G.
404 2416 622 2458 Oulomar
637 2428 693 2457 an
702 2417 731 2459 J
733 2428 862 2471 aymo
869 2417 957 2458 II.:
972 2418 1089 2459 iiber
1107 2419 1210 2459 01110
1228 2417 1440 2470 geheime
1455 2416 1827 2470 Angelcgenheit
1833 2428 1846 2467 3

224 2488 460 2531 Jchannes
482 2487 642 2528 XXII.
676 2487 740 2528 ist
771 2488 882 2529 sehr
914 2488 1075 2540 erregt
1105 2489 1222 2530 iiber
1243 2486 1401 2541 Konig
1421 2487 1686 2537 Friedrich3
1720 2487 1848 2528 scine

225 2558 406 2600 Frende
442 2559 558 2599 iiber
589 2557 664 2599 (110
697 2555 1328 2611 G1·anada-A11gelege11l1eit‚
1366 2560 1483 2600 iiber
1515 2558 1590 2599 die
1623 2569 1674 2599 01
1705 2557 1848 2599 schon

225 2630 337 2671 zwei
358 2629 687 2671 Konsistorien
710 2628 949 2681 gehalten3
984 2629 1101 2671 auch
1125 2629 1200 2672 (110
1231 2629 1514 2682 Tunisfrage
1546 2628 1847 2670 interessiert

537 2699 619 2740 11111
652 2699 775 2741 sehr.
836 2698 1050 2752 Avignon
1083 2699 1235 2753 (1317)
1266 2700 1445 2743 Januar
1478 2699 1547 2741 12.

368 2793 409 2826 ln
447 2793 509 2826 der
533 2791 811 2836 Angelegenheit
847 2792 907 2826 des
932 2792 1063 2836 K'Onigs
1094 2792 1272 2826 Friedrich
1298 2792 1522 2827 unterredete
1548 2802 1586 2826 er
1611 2791 1686 2825 sich
1710 2790 1848 2835 geheim

226 2853 290 2886 mit
314 2852 452 2896 Philipp
478 2862 545 2885 von
570 2850 744 2885 Mallorca.
794 2851 997 2884 Demanava
1034 2850 1100 2893 mi,
1138 2851 1167 2885 si
1203 2851 1237 2895 jo
1269 2850 1294 2884 li
1319 2851 1415 2885 daria
1439 2850 1600 2893 licencia,
1627 2860 1693 2893 que
1719 2849 1750 2883 el
1776 2851 1848 2883 sots

296 2923 347 2949 491
367 2924 396 2966 a)
423 2923 514 2967 quod
540 2922 597 2956 Or.
677 2922 705 2964 b)
732 2921 822 2955 Zwei
848 2921 895 2953 W
898 2923 991 2955 orter
1016 2920 1145 2956 fehlen.
1220 2922 1248 2965 C)
1274 2922 1323 2956 eis
1350 2921 1407 2956 Or.
1480 2921 1509 2965 d)
1535 2920 1763 2955 Frandrensis
1789 2920 1847 2954 Or.

226 2997 507 3073 W
524 3028 612 3062 iiber
636 3028 697 3061 ihn
723 3026 929 3071 Einleitung.

1637 3096 1706 3130 50*
