2296 3512
1102 250 1417 290 —898—

456 392 539 433 que
561 377 743 419 illarum
769 377 1135 433 proposicionum
1158 377 1471 433 exprimuntur
1504 378 1731 430 audacter,
1755 391 1857 419 vere
1885 380 1929 419 et
1950 377 2070 419 clare

455 448 653 491 defectus
686 450 729 490 et
762 448 1039 490 deviationes
1078 448 1303 490 maiorum
1338 446 1699 491 Christianitatis
1738 448 1950 499 omnium,
1995 447 2071 502 qui

456 519 510 560 ab
545 519 804 574 evangelica
826 518 1016 560 veritate
1044 518 1267 560 declinare
1290 523 1558 570 noscuntur;
1592 522 1636 560 et
1658 521 1874 574 quantum
1899 517 2072 560 faciunt

455 589 567 631 alios
601 590 839 641 declinare,
887 592 1023 644 prout
1054 589 1281 644 fragilitas
1326 591 1479 631 nostre
1513 589 1783 643 cognitionis
1827 591 1979 644 potest
2018 589 2071 630 de

455 660 711 702 huiusmodi
733 660 944 701 iudicare.
995 658 1197 702 Secundo
1221 659 1340 715 quia,
1369 660 1575 714 quamvis
1597 659 1673 701 ille
1694 659 1919 715 propositi
1939 659 2071 702 unius

456 731 546 773 sint
568 731 855 785 eiusdemque
884 730 1071 772 materie
1096 733 1138 771 et
1161 731 1217 772 ad
1239 730 1373 772 finem
1398 730 1662 772 ordinentur
1685 731 1886 782 eundem,
1920 733 2072 771 tamen

456 801 561 856 quia
594 814 680 842 non
707 801 942 843 identitate
970 801 1062 843 stili
1085 800 1219 843 setin
1247 802 1443 856 quadam
1470 801 1734 843 diversitate
1757 800 2073 842 convenienter

454 885 537 928 pro
570 885 866 927 personarum
893 872 1252 914 consideratione
1281 874 1463 914 servata
1496 872 1789 927 proponenda
1817 874 1885 913 est
1904 871 2072 913 veritas

456 943 642 994 clericis,
676 943 830 998 laycis,
869 943 1055 985 eruditis
1089 946 1132 984 et
1163 942 1350 984 rudibus
1390 956 1519 997 quem
1555 943 1610 984 ad
1634 943 1814 984 modum
1839 941 2072 998 apostolus

457 1014 585 1055 docet
609 1018 651 1055 et
678 1013 812 1055 etiam
840 1026 1175 1068 nonnumquam
1200 1012 1452 1055 audivimus
1473 1026 1496 1054 a
1514 1012 1869 1068 proponentibus
1888 1014 2073 1055 verbum

455 1084 558 1125 Dei:
604 1084 709 1126 fecit
744 1084 841 1140 ipse
873 1084 1008 1135 Deus,
1055 1085 1173 1138 quod
1207 1083 1374 1126 veritas
1406 1084 1489 1125 sub
1523 1083 1626 1125 stilo
1660 1083 1883 1125 differenti
1916 1097 2074 1125 conve-

455 1155 631 1196 nienter
663 1155 1011 1211 exprimeretur3
1057 1154 1263 1197 videlicet
1301 1153 1474 1196 clericis
1508 1157 1551 1195 et
1572 1154 1843 1196 habentibus
1874 1154 2073 1196 intellec-

457 1229 552 1268 tum
585 1226 785 1268 scientiis
822 1226 1099 1267 illustratum
1143 1225 1187 1266 in
1220 1225 1383 1266 Latino
1427 1229 1469 1266 et
1513 1224 1653 1280 laycis
1702 1229 1835 1279 atque
1886 1224 2073 1268 rudibus

456 1297 500 1338 in
535 1297 724 1351 vulgari.
782 1297 839 1338 Et
873 1296 1082 1351 quoniam
1107 1296 1151 1337 in
1175 1300 1366 1350 utraque
1392 1295 1618 1350 scriptura
1642 1295 1960 1350 concl[ud]itur
1991 1308 2073 1337 nos

456 1368 502 1409 in
537 1367 685 1409 animo
719 1370 874 1409 nostro
906 1367 1126 1417 firmasse,
1169 1367 1289 1421 quod
1321 1367 1565 1408 secundum
1599 1369 1767 1408 statum
1808 1370 1851 1408 et
1882 1367 2074 1421 gradum

458 1444 662 1481 nostrum
695 1440 776 1480 sub
810 1437 1128 1480 traditionibus
1163 1440 1206 1478 et
1238 1437 1405 1491 regulis
1439 1436 1711 1491 evangelicis
1742 1436 1947 1479 vivamus
1981 1450 2074 1479 om-

457 1509 561 1551 nino
596 1513 638 1551 et
671 1510 726 1551 ab
758 1509 848 1551 illis
887 1509 1009 1550 nullo
1052 1509 1184 1550 modo
1217 1507 1506 1559 declinemus,
1548 1510 1591 1549 et
1621 1507 1743 1549 istud
1788 1510 1976 1563 propter
2008 1507 2074 1549 in-

456 1580 718 1622 firmitatem
752 1584 955 1622 nostram
988 1579 1081 1621 sine
1115 1579 1269 1633 gracia
1298 1578 1381 1619 Dei
1416 1592 1502 1619 uon
1530 1591 1771 1633 possumus
1812 1578 2072 1633 adimplere,

458 1665 671 1707 rogamus
709 1664 803 1703 vos,
850 1651 1093 1692 reverende
1136 1649 1292 1701 frater,
1338 1652 1387 1690 ut
1427 1656 1618 1704 patrem„
1660 1649 1901 1703 q[uatenus
1942 1647 2076 1704 int]er

460 1723 710 1765 cessionum
751 1722 869 1777 apud
904 1736 1003 1763 eum
1041 1720 1271 1775 suffragiis
1311 1733 1392 1762 nos
1424 1720 1602 1772 iuvetis,
1644 1719 1718 1774 qui
1750 1733 1830 1762 vos
1863 1721 2076 1775 protegat

460 1797 501 1836 et
535 1796 769 1836 conservet
800 1792 1068 1835 incolumem
1100 1805 1181 1847 per
1214 1791 1365 1834 secula
1398 1791 1666 1832 secul‹3»ruin.
1730 1791 1833 1832 Dat.
1868 1791 2075 1832 Messane

460 1866 541 1907 sub
575 1864 723 1920 sigillo
756 1867 912 1906 nostro
946 1865 1131 1905 secreto.
1194 1861 1478 1904 X.Jan11a1·ij
1510 1861 1652 1902 VIIII.
1687 1861 1956 1904 indictionis.

601 1946 690 1981 CRD
724 1945 854 1980 10056.
905 1945 962 1981 Or.
989 1945 1071 1988 Pap.
1098 1944 1172 1987 Ssp.
1223 1944 1288 1977 Ein
1320 1943 1425 1977 smel<
1457 1942 1664 1987 abgerissen.
1717 1943 1802 1976 Zum
1838 1942 2076 1977 Schlusssatze

460 2006 525 2049 vgl.
559 2016 639 2038 man
664 2004 855 2039 Menendez
886 2016 918 2047 p.
948 2005 1030 2038 734:
1064 2003 1254 2047 Respondit
1286 2014 1365 2036 rex:
1402 2030 1407 2036 .
1437 2030 1443 2036 .
1473 2030 1478 2035 .
1505 2002 1734 2045 proponimus
1767 2002 1885 2035 vivere
1917 2002 1953 2035 in
1985 2004 2077 2035 statu

460 2068 575 2099 nostro
613 2064 804 2098 secundum
842 2062 996 2107 regulam
1022 2061 1201 2105 evangelii.
1252 2061 1329 2105 Vgl.
1357 2061 1447 2095 auch
1485 2062 1552 2094 den
1577 2061 1727 2094 friihern
1753 2060 1852 2094 Brief
1879 2061 2077 2094 Friedrichs

462 2124 652 2158 Menendez
677 2134 709 2166 p.
738 2124 805 2157 774
830 2123 854 2156 f.

464 2293 559 2331 574.
593 2290 754 2344 Jayme
784 2290 849 2331 II.
885 2288 1045 2330 sendet
1077 2286 1161 2328 auf
1184 2287 1385 2329 Wunsch
1430 2285 1533 2328 dem
1574 2285 1731 2338 Kiinig
1775 2285 1955 2329 Saucho
1987 2297 2077 2327 von

462 2360 681 2402 Mallorca
713 2360 800 2401 den
830 2360 953 2401 liber
984 2359 1171 2400 actuum
1193 2358 1377 2412 ε13111108
1400 2358 1437 2399 Ι.
1500 2357 1757 2399 Barcelona
1780 2355 1893 2397 1:313
1922 2356 2012 2398 Mai
2035 2355 2076 2398 5.

603 2453 777 2495 Illustri
828 2451 1022 2507 principi
1077 2450 1239 2493 Sancio
1293 2452 1374 2493 Dei
1427 2451 1581 2507 gracia
1632 2450 1728 2506 regi
1775 2449 2076 2502 Maioricensi,

463 2524 617 2567 comiti
638 2523 906 2566 Rossilionis
940 2526 982 2564 et
1009 2522 1231 2574 Ceritane,
1266 2522 1447 2563 domino
1488 2519 1901 2575 Montis121essulani,
1930 2520 2075 2561 karis-

464 2596 577 2637 simo
622 2593 953 2649 consanguineo
996 2606 1075 2635 suo
1117 2592 1315 2635 Jacobus
1361 2606 1440 2647 per
1475 2592 1661 2633 eandem
1699 2604 1778 2632 rex
1811 2592 2075 2645 Aragonum

466 2669 545 2707 etc.
609 2666 807 2720 Recepta
836 2664 970 2705 litera
992 2666 1143 2705 vestra
1175 2676 1308 2717 super
1329 2663 1549 2704 mittendo
1574 2663 1631 2703 ad
1656 2674 1732 2703 vos
1755 2661 1871 2703 libro
1896 2663 2076 2702 actuum

464 2736 608 2777 felicis
648 2734 979 2777 recordacionis
1024 2734 1193 2775 domini
1234 2734 1354 2789 regis
1386 2733 1545 2775 Jacobi
1579 2732 1651 2773 avi
1684 2731 1898 2783 comunis⁷
1939 2730 2076 2785 signi-

464 2806 652 2848 ficamus
696 2806 845 2857 vobis,
892 2805 1010 2859 quod
1046 2804 1137 2845 iam
1180 2805 1328 2858 ipsum
1361 2804 1525 2845 librum
1559 2802 1803 2844 transcribi
1836 2801 2076 2842 mandave-

465 2889 619 2918 ramus
673 2880 715 2918 et
766 2889 883 2918 nunc
934 2878 1037 2930 post
1088 2875 1393 2930 recepcionem
1446 2877 1594 2915 vestre
1641 2873 1769 2914 litere
1818 2871 2076 2927 supradicte

466 2947 738 2989 translatum
775 2945 880 2987 libri
926 2945 1068 2999 ipsius
1109 2945 1263 3000 perfici
1295 2945 1480 2986 fecimus
1515 2957 1566 2985 ac
1601 2943 1742 2985 eciam
1776 2941 2074 2996 comprobari.

466 3020 660 3073 Propter
693 3017 817 3060 cuius
848 3015 1169 3072 perfectionem
1203 3019 1245 3057 et
1278 3014 1699 3071 comprobacionem
1735 3025 1891 3055 cursor
1922 3014 2076 3054 noster
