2296 3512
1077 278 1395 318 —696—

569 407 634 448 De
678 405 765 447 fide
809 405 1032 447 catholica
1078 408 1121 447 et
1165 405 1308 448 servis
1354 404 1618 447 Sarracenis
1663 405 1721 447 ad
1762 418 1860 447 eam
1898 404 2046 446 redire

428 476 695 519 volentibus.

571 559 629 600 Ut
670 556 840 600 Christi
881 571 1057 611 nomen,
1101 571 1188 613 quo
1229 571 1444 600 vocamur
1484 560 1528 599 et
1560 557 1751 599 dicimur
1797 555 2046 608 christiam,

430 629 699 672 assumsisse
730 642 820 671 non
852 628 1087 670 videamur
1116 628 1345 681 invanum,
1380 628 1560 683 expedit
1591 641 1673 683 pro
1696 628 1856 679 salute,
1883 631 1933 669 ut
1961 660 1969 667 .
1999 660 2007 667 .
2038 660 2045 667 .

428 699 677 741 infidelium
703 702 971 741 revocentur
993 712 1169 742 errores
1193 699 1461 741 efficaciter.
1489 732 1497 740 .
1525 733 1532 740 .
1559 697 1671 741 Cum
1693 698 1834 753 igitur
1856 697 2048 740 veritate

428 784 518 813 non
541 770 698 825 agnita
722 769 960 812 Sarraceni
982 770 1101 813 servi
1123 770 1194 811 vel
1216 770 1347 812 liberi
1369 770 1559 811 tendant
1582 783 1682 811 cum
1706 782 1860 811 eorum
1885 767 2049 810 errori-

429 841 514 884 bus
535 840 581 882 in
604 854 682 883 sue
705 840 866 883 salutis
890 840 1175 896 dispendium
1199 843 1242 882 et
1263 840 1455 892 ruinam,
1481 853 1593 895 quos
1616 838 1734 881 forte
1754 839 1825 880 vel
1844 838 2050 894 ipsorum

431 910 607 966 aliquos
623 911 875 953 doctrinam
886 909 1055 954 Christi
1070 911 1221 966 sepius
1237 911 1470 952 audientes
1488 911 1544 952 ad
1559 909 1677 953 sacri
1691 909 1862 952 fontem
1876 908 2049 964 baptis-

430 982 567 1024 matis
586 981 738 1023 divina
753 981 996 1024 clemencia
1009 984 1256 1033 revocaret,
1281 980 1542 1036 evangelica
1558 981 1811 1036 inspirante
1829 979 2049 1031 doctrina,

430 1052 711 1108 providimus
743 1052 845 1095 illos
879 1052 1125 1094 coadunari
1158 1053 1215 1094 ad
1248 1052 1518 1093 audiendum
1549 1065 1666 1107 sepe,
1690 1051 1841 1107 sepius
1864 1051 2051 1092 verbum

430 1123 515 1165 Dei
554 1124 898 1178 proponendum
941 1136 966 1164 a
1006 1122 1193 1178 prelatis
1234 1122 1461 1177 religiosis
1504 1135 1555 1164 ac
1597 1121 1698 1164 aliis
1730 1121 1951 1177 personis,
1994 1121 2052 1162 ad

432 1207 545 1249 quas
590 1194 848 1236 huiusmodi
890 1196 1065 1249 spectat
1104 1192 1299 1234 officium
1341 1192 1617 1248 predicandi.
1680 1192 1738 1233 Et
1774 1194 1826 1234 ut
1856 1191 2052 1247 ingredi-

433 1264 534 1306 endi
565 1264 748 1305 ianuam
781 1264 981 1306 omnium
1009 1267 1411 1315 sacramentorum,
1437 1276 1521 1318 que
1546 1266 1614 1305 est
1635 1262 1785 1319 ipsum
1808 1262 2050 1317 baptisma,

434 1335 550 1377 liber
591 1334 649 1377 sit
683 1334 832 1377 aditus
867 1338 910 1376 et
941 1334 1156 1377 introitus
1190 1334 1354 1389 planus
1388 1337 1544 1389 pateat
1583 1336 1627 1375 et
1659 1333 1826 1385 suavis,
1875 1346 2053 1375 omnem

433 1406 639 1448 clausure
686 1405 925 1447 materiam
973 1418 1025 1446 ac
1070 1405 1443 1460 impedimentum
1491 1405 1624 1447 huius
1678 1404 1855 1447 itineris
1903 1402 2054 1460 provi-

434 1476 580 1518 dimus
622 1476 862 1517 removeri:
905 1476 1005 1518 Hac
1045 1476 1187 1530 igitur
1230 1480 1451 1532 perpetua
1489 1476 1688 1517 valitura
1727 1475 2054 1518 constitucione

434 1547 700 1598 sanccimus,
748 1550 797 1589 ut
841 1546 991 1589 nullus
1031 1547 1084 1588 de
1130 1550 1278 1589 cetero
1322 1550 1448 1589 tante
1481 1546 1752 1589 temeritatis
1793 1546 1972 1598 existat,
2005 1547 2056 1586 ut

434 1631 613 1660 servum
656 1631 785 1659 suum
829 1616 1142 1670 Sarracenum,
1182 1618 1259 1673 qui
1292 1618 1348 1659 ad
1380 1618 1497 1659 idem
1531 1617 1760 1672 baptisma
1793 1629 1944 1659 errore
1978 1616 2055 1657 ab·

434 1689 567 1730 ducto
602 1688 806 1743 aspirare
839 1688 1047 1740 voluerit,
1081 1689 1136 1730 ab
1169 1688 1428 1731 huiusmodi
1460 1691 1617 1731 sancto
1643 1687 1879 1743 proposito
1912 1689 2055 1729 retra-

433 1759 526 1811 hat,
560 1762 740 1801 revocet
761 1758 832 1801 vel
855 1760 1101 1814 perturbet,
1126 1759 1234 1814 quin
1256 1759 1394 1801 immo
1417 1759 1566 1815 ipsum
1591 1759 1646 1801 ad
1669 1760 1754 1801 hoc
1776 1758 2055 1814 aspirantem

434 1834 668 1886 tamquam
701 1830 746 1872 id
779 1834 961 1885 gratum
993 1831 1164 1873 habens
1199 1831 1256 1872 ad
1288 1831 1371 1872 hoc
1396 1830 1565 1872 animet
1598 1832 1641 1871 et
1672 1833 1859 1871 ortetur.
1923 1827 2055 1880 Quod

436 1901 473 1943 si
504 1900 621 1944 forte
655 1901 755 1956 quis
789 1901 1101 1944 contravenire
1132 1901 1474 1957 presumpserit,
1509 1901 1563 1943 de
1595 1901 1679 1943 hoc
1712 1900 1833 1955 apud
1863 1899 2056 1942 iudicem

434 1972 523 2014 loci
556 1974 713 2013 contra
746 1972 975 2014 dominum
1009 1972 1098 2027 ipsi
1131 1986 1262 2015 servo
1286 1972 1537 2028 deponendi
1560 1971 1790 2027 querelam
1814 1970 2056 2013 tribuimus

435 2045 721 2098 potestatem.
785 2041 875 2094 Qui
918 2043 1127 2085 dominus
1168 2043 1214 2085 in
1253 2042 1419 2085 iudicio
1458 2045 1749 2099 presentatus
1783 2043 1839 2083 ad
1872 2054 2057 2084 consen-

437 2113 642 2155 ciendum
671 2113 937 2169 baptismati
969 2113 1086 2155 servi
1109 2113 1179 2156 sui
1204 2117 1308 2169 post
1342 2112 1519 2169 aliquos
1544 2113 1639 2155 dies
1665 2113 1794 2155 iuxta
1817 2111 2057 2154 arbitrium

438 2184 621 2226 ecclesie
649 2184 911 2226 cohercione
934 2184 1086 2227 debita
1110 2184 1409 2240 compellatur
1433 2187 1477 2226 et
1498 2198 1579 2240 per
1601 2197 1740 2226 unum
1763 2197 1930 2226 annum
1954 2195 2057 2224 con-

437 2255 611 2296 tinuum
646 2255 816 2297 carceri
848 2255 893 2296 in
928 2255 1117 2298 vinculis
1150 2256 1392 2311 deputetur
1427 2289 1434 2296 .
1471 2289 1478 2296 .
1516 2289 1523 2296 .

579 2336 785 2388 Qualiter
816 2337 1045 2379 tractandi
1083 2340 1189 2380 sunt
1228 2337 1348 2380 servi
1387 2351 1413 2379 a
1446 2337 1639 2380 dominis
1679 2339 1784 2393 post
1816 2335 2057 2392 baptisma.

579 2418 786 2471 Qualiter
809 2422 959 2462 autem
990 2419 1115 2475 ipsos
1146 2423 1251 2475 post
1274 2420 1383 2462 dicti
1413 2419 1582 2463 fontem
1617 2419 1908 2476 baptismatis
1939 2421 2059 2461 trac-

439 2493 537 2532 tare
571 2490 797 2543 debemus,
831 2491 961 2532 docet
994 2490 1226 2545 apostolus
1260 2492 1316 2533 ad
1338 2491 1644 2533 Philemonem
1677 2490 1894 2544 dicens22)
1952 2488 2059 2532 Sus-

441 2560 535 2615 cipe
566 2560 695 2602 illum
725 2561 817 2602 iam
848 2575 936 2603 non
969 2564 1019 2603 ut
1051 2574 1246 2614 servum,
1279 2564 1347 2603 set
1385 2565 1435 2604 ut
1467 2560 1656 2604 fratrem
1688 2561 1981 2603 karissimum
2012 2559 2059 2601 in

440 2630 620 2673 domino
654 2635 697 2673 et
727 2631 774 2672 in
807 2645 952 2673 carne.

581 2713 640 2756 Ut
672 2713 791 2756 serxd
823 2717 925 2768 post
959 2713 1295 2768 suscepcionem
1327 2714 1617 2769 baptismatis
1650 2713 1827 2756 fidelius
1852 2716 1895 2755 et
1927 2714 2059 2755 devo-

441 2783 536 2826 cius
569 2784 769 2826 serviant
801 2784 994 2827 dominis
1029 2784 1122 2827 suis
1156 2818 1164 2825 .
1201 2818 1209 2825 .

583 2865 650 2908 De
688 2880 777 2908 non
824 2867 1035 2909 seviendo
1080 2866 1126 2908 in
1159 2866 1314 2909 servos
1357 2870 1463 2922 post
1495 2866 1722 2922 baptisma
1764 2870 1807 2908 et
1853 2866 2060 2921 ponendo

442 2937 731 2991 compedibus
763 2936 1018 2992 fugitivum.

584 3052 610 3096 2)
636 3052 725 3087 Phil.
752 3064 780 3087 c.
810 3055 863 3087 17.
