2296 3512
900 291 1218 333 —735—

249 429 422 477 verunt,
457 439 542 481 que
575 431 679 469 sunt
702 429 910 471 omnibus
943 430 1194 473 manifeste.
1257 433 1359 488 Ipse
1384 435 1524 477 eciam
1547 436 1796 492 imperator
1822 439 1868 481 in

248 495 448 537 favorem
493 496 597 538 fidei
642 498 697 538 ad
743 499 1063 553 acquirendam
1109 502 1294 544 Terram
1336 510 1538 547 sanctam
1573 508 1626 549 de
1658 509 1872 551 manibus

249 564 601 609 Sarracenorum
634 569 936 623 personaliter
968 571 1091 613 ultra
1122 586 1248 615 mare
1275 576 1500 628 transivit,
1534 578 1702 621 multas
1726 580 1865 621 eciam

247 636 597 681 constituciones
629 652 712 694 pro
745 640 955 683 libertate
990 642 1296 686 ecclesiastica
1327 644 1432 687 fecit
1464 648 1566 702 plus
1590 662 1725 704 quam
1751 649 1870 693 alius

245 706 467 761 princeps,
511 708 588 763 qui
632 708 768 752 fuerit
811 724 835 752 a
875 715 1079 767 tempore
1118 714 1367 757 Justiniani
1408 717 1698 772 imperatoris
1737 721 1864 762 citra.

243 776 302 818 Et
348 782 604 833 propterea,
650 780 688 822 si
720 781 866 824 dictus
900 782 1148 837 imperator
1197 787 1241 826 61
1274 799 1556 831 successores
1598 789 1692 833 eius
1736 791 1862 833 illam

244 849 680 901 remuneracionem,
730 865 864 906 quam
913 867 994 896 vos
1042 854 1213 906 dicitis,
1268 856 1488 912 condigne
1537 872 1561 899 a
1613 861 1867 904 rectoribus

244 922 397 959 sancte
431 920 614 963 ecclesie
646 926 936 977 receperunt:
979 925 1213 977 miramur,
1247 926 1334 969 nisi
1369 928 1475 983 quia
1508 930 1637 973 nobis
1669 933 1864 974 occurrit

240 987 352 1030 illud
397 990 642 1044 scripture,
686 1006 771 1047 que
815 993 946 1035 dicit:
990 995 1208 1050 Iudiciass)
1251 997 1336 1039 Dei
1382 999 1559 1042 abissus
1592 1000 1748 1051 multa,
1783 1016 1866 1057 per

241 1058 366 1101 cuius
398 1061 736 1115 providenciam
770 1077 856 1105 non
892 1065 1036 1108 solum
1071 1066 1179 1108 mali
1213 1071 1281 1109 set
1304 1069 1445 1110 eciam
1470 1071 1575 1111 boni
1598 1071 1866 1127 affliguntur

238 1129 284 1171 in
336 1130 421 1172 hac
472 1131 566 1174 vita
614 1136 657 1174 et
704 1135 1029 1188 permittuntur
1074 1137 1228 1193 affligi.
1306 1139 1365 1181 Et
1415 1140 1467 1182 de
1514 1141 1599 1183 1100
1644 1142 1862 1187 1131161003

240 1201 444 1255 exempla
495 1203 548 1245 de
598 1217 703 1259 rege
743 1205 931 1248 Francie
973 1211 1129 1250 sancto
1171 1209 1400 1264 Lodoch,
1444 1211 1521 1266 qui
1564 1211 1610 1253 in
1647 1214 1864 1256 Damiata

239 1275 397 1325 captus
439 1273 589 1315 extitit
621 1288 702 1329 per
735 1274 997 1330 Soldanum,
1038 1282 1082 1320 et
1113 1279 1158 1321 in
1193 1280 1333 1322 veteri
1364 1284 1637 1324 testamento
1671 1285 1724 1326 de
1756 1299 1863 1340 rege

235 1340 386 1393 Josia,
433 1344 510 1398 qui
551 1344 637 1386 fuit
682 1347 824 1389 bonus
868 1352 911 1390 et
955 1362 1036 1404 per
1080 1363 1231 1405 regem
1276 1352 1432 1408 Egipti
1476 1355 1683 1409 nequiter
1723 1355 1861 1398 111161-

237 1412 393 1456 fectus.
465 1415 644 1459 Nostris
690 1417 830 1460 eciam
875 1420 1156 1475 temporibus
1204 1421 1249 1463 in
1295 1428 1453 1465 sancta
1493 1424 1681 1467 ecclesia
1735 1427 1862 1469 audi-

236 1483 382 1526 vimus
423 1498 589 1540 papam
637 1486 932 1542 Celestinum,
975 1494 1217 1547 postquam
1264 1495 1608 1538 abrenunciavit
1655 1499 1858 1552 papatui,

236 1555 474 1608 quesitum,
513 1560 694 1612 captum
725 1563 769 1600 et
793 1561 1036 1609 detentum,
1066 1575 1233 1618 papam
1256 1564 1539 1608 Bonifacium
1565 1571 1759 1621 captum,
1784 1570 1858 1611 de-

234 1624 521 1668 honestatum
558 1635 601 1669 et
628 1628 673 1670 in
701 1630 894 1673 tristicia
916 1637 1158 1675 mortuum.
1214 1635 1371 1677 Mirari
1395 1650 1502 1691 ergo
1524 1651 1766 1693 possumus
1789 1644 1860 1683 set

234 1696 467 1750 pacienter
498 1698 615 1740 ferre
645 1700 797 1743 divina
825 1702 992 1745 iudicia
1020 1704 1066 1746 in
1094 1705 1375 1761 principibus
1403 1708 1559 1750 mundi
1580 1711 1856 1764 potentibus,

235 1780 319 1821 que
373 1768 437 1810 sic
491 1774 711 1824 apparent
757 1772 803 1814 in
850 1774 1103 1818 rectoribus
1153 1777 1336 1819 ecclesie
1385 1783 1558 1831 sancte,
1615 1780 1858 1825 karissime

234 1850 397 1892 sponse
435 1853 527 1893 sue,
569 1844 617 1883 ut
650 1842 808 1885 exinde
842 1844 1031 1900 quisque
1065 1849 1238 1889 metuat
1269 1862 1357 1890 non
1391 1853 1485 1891 tam
1520 1851 1764 1894 humanum
1788 1854 1856 1895 iu-

234 1908 397 1950 dicium
427 1924 561 1965 quam
586 1912 800 1955 divinum.
865 1913 1040 1959 Scimus
1075 1917 1191 1959 enim
1214 1922 1319 1974 post
1340 1923 1532 1963 mortem
1556 1921 1663 1964 dicti
1686 1924 1856 1966 domini

232 1978 520 2032 imperatoris
564 1982 748 2026 Terram
791 1990 995 2029 sanctam
1041 1987 1180 2031 fuisse
1225 1990 1506 2045 deperditam
1546 2006 1598 2034 ac
1629 1993 1853 2037 infinitam

231 2049 370 2093 fuisse
415 2053 675 2096 effusionem
709 2057 944 2111 sanguinis
978 2058 1227 2112 christiani,
1272 2075 1424 2116 regem
1459 2063 1601 2105 eciam
1633 2065 1852 2108 Karolum

231 2120 426 2176 primum
458 2122 578 2165 infra
621 2127 836 2168 tredecim
875 2128 983 2180 dies,
1032 2131 1151 2184 quod
1198 2132 1329 2173 nutui
1368 2132 1519 2176 divino
1564 2136 1742 2178 tantum
1782 2150 1854 2180 as-

231 2191 465 2244 scribitur,
525 2197 669 2237 totam
731 2196 931 2240 Siciliam
992 2201 1245 2244 ammisisse
1299 2216 1373 2255 ac,
1435 2203 1528 2246 filio
1581 2219 1662 2248 3110
1720 2207 1852 2250 110100

232 2261 450 2305 existente
498 2266 696 2319 captivo,
751 2282 852 2310 cum
901 2271 1205 2313 amaritudine
1251 2273 1538 2327 morientem,
1593 2289 1675 2330 pro
1725 2278 1851 2321 cuius

230 2332 501 2376 liberacione
547 2339 654 2378 tunc
707 2339 863 2381 ducem
909 2340 1157 2384 Robertum
1207 2346 1250 2385 et
1302 2345 1414 2387 duos
1463 2346 1558 2389 eius
1606 2348 1771 2391 fratres
1804 2350 1851 2391 in

229 2416 368 2458 regno
399 2405 664 2461 Aragonum
699 2409 901 2452 extitisse
934 2413 1137 2466 captivos
1171 2417 1215 2456 61
1245 2415 1404 2457 deinde
1428 2417 1659 2460 (101111011111
1681 2419 1849 2474 Philip-

228 2488 334 2529 pum
368 2475 614 2531 principem
647 2491 728 2532 per
759 2494 841 2523 nos
874 2485 1067 2536 captum.
1131 2485 1189 2527 Et
1224 2499 1304 2539 per
1336 2488 1537 2541 graciam
1573 2489 1655 2531 Dei
1687 2503 1849 2534 manus

227 2549 381 2587 nostre
439 2549 604 2589 munde
660 2549 715 2590 ab
776 2564 927 2594 eorum
989 2556 1207 2610 sanguine
1265 2563 1594 2612 remanserunt,
1654 2574 1739 2616 qua
1795 2562 1849 2604 de

228 2629 366 2658 causa
420 2617 599 2672 gracias
657 2619 753 2661 Deo
813 2622 989 2676 agimus
1050 2638 1185 2680 quam
1238 2628 1291 2669 (16
1344 2628 1536 2671 victoria
1589 2631 1846 2686 ampliores,

228 2687 358 2741 (111331
390 2687 472 2729 hoc
507 2701 531 2729 a
565 2701 645 2731 3110
672 2689 838 2733 111(11010
873 2696 916 2734 61
948 2695 1162 2738 beneficio
1199 2704 1520 2752 cognoscentes
1555 2734 1562 2741 .
1599 2734 1606 2742 .
1644 2735 1651 2742 .
1686 2703 1848 2744 Adhuc

227 2757 368 2799 eciam
410 2771 463 2800 ex
507 2759 603 2811 1100,
647 2761 766 2815 quod
806 2761 883 2805 itis
927 2766 1298 2820 exemplificando
1333 2769 1536 2813 diversas
1568 2784 1786 2825 personas
1819 2786 1846 2815 a

225 2829 427 2882 predicto
461 2830 641 2872 domino
674 2831 949 2886 imperatore
970 2848 1113 2891 usque
1141 2838 1197 2879 ad
1221 2838 1390 2881 dictum
1415 2840 1644 2883 dominum
1668 2847 1844 2897 patrem

225 2902 445 2952 nostrum,
490 2914 700 2956 magnam
756 2903 886 2945 nobis
933 2906 1171 2949 materiam
1210 2910 1458 2963 perhibetis
1496 2914 1845 2966 recognoscendi

366 3062 394 3107 Β)
420 3063 547 3098 Psalm.
574 3065 618 3099 35
644 3075 664 3099 a
690 3067 720 3101 7.
