<?xml version="1.0" encoding="UTF-8"?>
<!DOCTYPE html PUBLIC "-//W3C//DTD XHTML 1.0 Transitional//EN"
    "http://www.w3.org/TR/xhtml1/DTD/xhtml1-transitional.dtd">
<html xmlns="http://www.w3.org/1999/xhtml" xml:lang="en" lang="en">
 <head>
  <title>
</title>
<meta http-equiv="Content-Type" content="text/html;charset=utf-8" />
  <meta name='ocr-system' content='tesseract 3.04.00' />
  <meta name='ocr-capabilities' content='ocr_page ocr_carea ocr_par ocr_line ocrx_word'/>
</head>
<body>
  <div class='ocr_page' id='page_1' title='image "./actaaragonensiaq02finkuoft_0348.png"; bbox 0 0 2296 3512; ppageno 0'>
   <div class='ocr_carea' id='block_1_1' title="bbox 1108 249 1424 290">
    <p class='ocr_par' dir='ltr' id='par_1_1' title="bbox 1108 249 1424 290">
     <span class='ocr_line' id='line_1_1' title="bbox 1108 249 1424 290; baseline 0.009 -2"><span class='ocrx_word' id='word_1_1' title='bbox 1108 249 1424 290; x_wconf 82' lang='lat'>—852-</span> 
     </span>
    </p>
   </div>
   <div class='ocr_carea' id='block_1_2' title="bbox 444 376 2075 1902">
    <p class='ocr_par' dir='ltr' id='par_1_2' title="bbox 444 376 2075 1902">
     <span class='ocr_line' id='line_1_2' title="bbox 457 376 2075 431; baseline -0.001 -12"><span class='ocrx_word' id='word_1_2' title='bbox 457 390 534 419; x_wconf 91' lang='lat' dir='ltr'>cos</span> <span class='ocrx_word' id='word_1_3' title='bbox 567 377 841 428; x_wconf 76' lang='lat' dir='ltr'>exhibentes,</span> <span class='ocrx_word' id='word_1_4' title='bbox 876 390 975 418; x_wconf 93' lang='lat' dir='ltr'>cum</span> <span class='ocrx_word' id='word_1_5' title='bbox 999 389 1135 431; x_wconf 89' lang='lat' dir='ltr'>super</span> <span class='ocrx_word' id='word_1_6' title='bbox 1158 376 1430 428; x_wconf 80' lang='lat' dir='ltr'>excessibus,</span> <span class='ocrx_word' id='word_1_7' title='bbox 1456 389 1567 431; x_wconf 87' lang='lat' dir='ltr'>quos</span> <span class='ocrx_word' id='word_1_8' title='bbox 1590 376 1784 418; x_wconf 89' lang='lat' dir='ltr'>seculari</span> <span class='ocrx_word' id='word_1_9' title='bbox 1806 377 1915 419; x_wconf 84' lang='lat' dir='ltr'>luxu</span> <span class='ocrx_word' id='word_1_10' title='bbox 1938 376 2075 419; x_wconf 91' lang='lat' dir='ltr'>comi-</span> 
     </span>
     <span class='ocr_line' id='line_1_3' title="bbox 457 446 2074 502; baseline 0 -13"><span class='ocrx_word' id='word_1_11' title='bbox 457 450 572 500; x_wconf 89' lang='lat' dir='ltr'>tunt,</span> <span class='ocrx_word' id='word_1_12' title='bbox 608 448 664 489; x_wconf 88' lang='lat' dir='ltr'>ad</span> <span class='ocrx_word' id='word_1_13' title='bbox 703 446 885 502; x_wconf 88' lang='lat' dir='ltr'>publica</span> <span class='ocrx_word' id='word_1_14' title='bbox 923 447 1264 502; x_wconf 86' lang='lat' dir='ltr'>protrahuntur,</span> <span class='ocrx_word' id='word_1_15' title='bbox 1305 446 1580 488; x_wconf 76' lang='lat' dir='ltr'>circumcisis</span> <span class='ocrx_word' id='word_1_16' title='bbox 1620 447 1819 490; x_wconf 85' lang='lat' dir='ltr'>crinibus</span> <span class='ocrx_word' id='word_1_17' title='bbox 1851 447 1922 489; x_wconf 80' lang='lat' dir='ltr'>vel</span> <span class='ocrx_word' id='word_1_18' title='bbox 1953 446 2074 489; x_wconf 87' lang='lat' dir='ltr'>facta</span> 
     </span>
     <span class='ocr_line' id='line_1_4' title="bbox 458 517 2074 573; baseline 0.001 -14"><span class='ocrx_word' id='word_1_19' title='bbox 458 519 512 560; x_wconf 92' lang='lat' dir='ltr'>de</span> <span class='ocrx_word' id='word_1_20' title='bbox 544 530 659 560; x_wconf 88' lang='lat' dir='ltr'>novo</span> <span class='ocrx_word' id='word_1_21' title='bbox 693 520 771 559; x_wconf 85' lang='lat' dir='ltr'>aut</span> <span class='ocrx_word' id='word_1_22' title='bbox 795 520 1087 573; x_wconf 85' lang='lat' dir='ltr'>augmentata</span> <span class='ocrx_word' id='word_1_23' title='bbox 1109 519 1312 567; x_wconf 83' lang='lat' dir='ltr'>tonsura,</span> <span class='ocrx_word' id='word_1_24' title='bbox 1337 520 1386 559; x_wconf 88' lang='lat' dir='ltr'>ut</span> <span class='ocrx_word' id='word_1_25' title='bbox 1408 517 1584 572; x_wconf 81' lang='lat' dir='ltr'>possint</span> <span class='ocrx_word' id='word_1_26' title='bbox 1606 517 1789 572; x_wconf 86' lang='lat' dir='ltr'>impune</span> <span class='ocrx_word' id='word_1_27' title='bbox 1816 517 2074 572; x_wconf 86' lang='lat' dir='ltr'>delinquere</span> 
     </span>
     <span class='ocr_line' id='line_1_5' title="bbox 456 587 2071 643; baseline -0.001 -12"><span class='ocrx_word' id='word_1_28' title='bbox 456 601 536 631; x_wconf 88' lang='lat' dir='ltr'>seu</span> <span class='ocrx_word' id='word_1_29' title='bbox 569 587 953 642; x_wconf 56' lang='lat' dir='ltr'>circumvenireff)</span> <span class='ocrx_word' id='word_1_30' title='bbox 987 587 1233 630; x_wconf 88' lang='lat' dir='ltr'>vindictam</span> <span class='ocrx_word' id='word_1_31' title='bbox 1275 601 1322 630; x_wconf 88' lang='lat' dir='ltr'>se</span> <span class='ocrx_word' id='word_1_32' title='bbox 1360 601 1443 643; x_wconf 88' lang='lat' dir='ltr'>pro</span> <span class='ocrx_word' id='word_1_33' title='bbox 1483 587 1656 630; x_wconf 83' lang='lat' dir='ltr'>clericis</span> <span class='ocrx_word' id='word_1_34' title='bbox 1689 589 1939 643; x_wconf 67' lang='lat' dir='ltr'>gerentesa)</span> <span class='ocrx_word' id='word_1_35' title='bbox 1976 622 1983 629; x_wconf 92' lang='lat'>.</span> <span class='ocrx_word' id='word_1_36' title='bbox 2019 622 2027 629; x_wconf 91' lang='lat'><strong>.</strong></span> <span class='ocrx_word' id='word_1_37' title='bbox 2063 622 2071 629; x_wconf 90' lang='lat'><strong>.</strong></span> 
     </span>
     <span class='ocr_line' id='line_1_6' title="bbox 455 657 2074 714; baseline 0 -14"><span class='ocrx_word' id='word_1_38' title='bbox 455 659 539 701; x_wconf 91' lang='lat' dir='ltr'>sub</span> <span class='ocrx_word' id='word_1_39' title='bbox 574 661 696 700; x_wconf 88' lang='lat' dir='ltr'>certa</span> <span class='ocrx_word' id='word_1_40' title='bbox 719 657 867 701; x_wconf 87' lang='lat' dir='ltr'>forma</span> <span class='ocrx_word' id='word_1_41' title='bbox 889 657 1195 714; x_wconf 83' lang='lat' dir='ltr'>provisionem</span> <span class='ocrx_word' id='word_1_42' title='bbox 1217 657 1405 700; x_wconf 85' lang='lat' dir='ltr'>fecimus</span> <span class='ocrx_word' id='word_1_43' title='bbox 1429 659 1485 699; x_wconf 85' lang='lat' dir='ltr'>ad</span> <span class='ocrx_word' id='word_1_44' title='bbox 1513 659 1829 714; x_wconf 88' lang='lat' dir='ltr'>apponendum</span> <span class='ocrx_word' id='word_1_45' title='bbox 1852 658 2074 700; x_wconf 87' lang='lat' dir='ltr'>medelam</span> 
     </span>
     <span class='ocr_line' id='line_1_7' title="bbox 457 728 2072 784; baseline 0 -14"><span class='ocrx_word' id='word_1_46' title='bbox 457 763 466 770; x_wconf 89' lang='lat'><strong>.</strong></span> <span class='ocrx_word' id='word_1_47' title='bbox 502 762 510 770; x_wconf 91' lang='lat'>.</span> <span class='ocrx_word' id='word_1_48' title='bbox 546 763 554 770; x_wconf 93' lang='lat'>.</span> <span class='ocrx_word' id='word_1_49' title='bbox 589 728 706 771; x_wconf 87' lang='lat' dir='ltr'>Sane</span> <span class='ocrx_word' id='word_1_50' title='bbox 739 742 838 771; x_wconf 91' lang='lat' dir='ltr'>cum</span> <span class='ocrx_word' id='word_1_51' title='bbox 872 729 962 770; x_wconf 90' lang='lat' dir='ltr'>iam</span> <span class='ocrx_word' id='word_1_52' title='bbox 995 729 1116 771; x_wconf 87' lang='lat' dir='ltr'>dicta</span> <span class='ocrx_word' id='word_1_53' title='bbox 1148 729 1349 784; x_wconf 86' lang='lat' dir='ltr'>provisio</span> <span class='ocrx_word' id='word_1_54' title='bbox 1382 732 1541 771; x_wconf 86' lang='lat' dir='ltr'>nostra</span> <span class='ocrx_word' id='word_1_55' title='bbox 1573 729 1747 770; x_wconf 86' lang='lat' dir='ltr'>servari</span> <span class='ocrx_word' id='word_1_56' title='bbox 1769 729 2072 781; x_wconf 79' lang='lat' dir='ltr'>inchoaretur,</span> 
     </span>
     <span class='ocr_line' id='line_1_8' title="bbox 455 797 2073 842; baseline 0.001 -1"><span class='ocrx_word' id='word_1_57' title='bbox 455 800 514 841; x_wconf 89' lang='lat' dir='ltr'>ad</span> <span class='ocrx_word' id='word_1_58' title='bbox 545 813 627 842; x_wconf 87' lang='lat' dir='ltr'>nos</span> <span class='ocrx_word' id='word_1_59' title='bbox 660 799 825 842; x_wconf 88' lang='lat' dir='ltr'>missus</span> <span class='ocrx_word' id='word_1_60' title='bbox 859 799 1048 842; x_wconf 89' lang='lat' dir='ltr'>dilectus</span> <span class='ocrx_word' id='word_1_61' title='bbox 1080 803 1235 841; x_wconf 89' lang='lat' dir='ltr'>noster</span> <span class='ocrx_word' id='word_1_62' title='bbox 1267 798 1496 842; x_wconf 86' lang='lat' dir='ltr'>Arnaldus</span> <span class='ocrx_word' id='word_1_63' title='bbox 1530 800 1583 841; x_wconf 93' lang='lat' dir='ltr'>de</span> <span class='ocrx_word' id='word_1_64' title='bbox 1615 797 1799 842; x_wconf 60' lang='lat' dir='ltr'>(lumbis</span> <span class='ocrx_word' id='word_1_65' title='bbox 1832 799 2073 842; x_wconf 88' lang='lat' dir='ltr'>canonicus</span> 
     </span>
     <span class='ocr_line' id='line_1_9' title="bbox 455 869 2073 925; baseline -0.001 -13"><span class='ocrx_word' id='word_1_66' title='bbox 455 870 833 913; x_wconf 88' lang='lat' dir='ltr'>Barchinonensis</span> <span class='ocrx_word' id='word_1_67' title='bbox 852 883 906 912; x_wconf 80' lang='lat' dir='ltr'>ex</span> <span class='ocrx_word' id='word_1_68' title='bbox 924 874 1054 925; x_wconf 89' lang='lat' dir='ltr'>parte</span> <span class='ocrx_word' id='word_1_69' title='bbox 1073 904 1081 911; x_wconf 88' lang='lat'><strong>.</strong></span> <span class='ocrx_word' id='word_1_70' title='bbox 1100 904 1109 912; x_wconf 92' lang='lat'><strong>.</strong></span> <span class='ocrx_word' id='word_1_71' title='bbox 1127 904 1134 910; x_wconf 94' lang='lat'><strong>.</strong></span> <span class='ocrx_word' id='word_1_72' title='bbox 1150 871 1264 912; x_wconf 90' lang='lat' dir='ltr'>bone</span> <span class='ocrx_word' id='word_1_73' title='bbox 1280 869 1494 911; x_wconf 85' lang='lat' dir='ltr'>memorie</span> <span class='ocrx_word' id='word_1_74' title='bbox 1509 869 1887 912; x_wconf 77' lang='lat' dir='ltr'>Ten-achonensis</span> <span class='ocrx_word' id='word_1_75' title='bbox 1903 869 2073 911; x_wconf 87' lang='lat' dir='ltr'>archie-</span> 
     </span>
     <span class='ocr_line' id='line_1_10' title="bbox 454 940 2073 997; baseline -0.001 -14"><span class='ocrx_word' id='word_1_76' title='bbox 454 941 631 997; x_wconf 89' lang='lat' dir='ltr'>piscopi</span> <span class='ocrx_word' id='word_1_77' title='bbox 668 953 749 983; x_wconf 91' lang='lat' dir='ltr'>nos</span> <span class='ocrx_word' id='word_1_78' title='bbox 790 943 961 983; x_wconf 87' lang='lat' dir='ltr'>attente</span> <span class='ocrx_word' id='word_1_79' title='bbox 998 941 1191 996; x_wconf 81' lang='lat' dir='ltr'>rogavit,</span> <span class='ocrx_word' id='word_1_80' title='bbox 1234 943 1284 982; x_wconf 90' lang='lat' dir='ltr'>ut</span> <span class='ocrx_word' id='word_1_81' title='bbox 1322 940 1367 981; x_wconf 91' lang='lat' dir='ltr'>in</span> <span class='ocrx_word' id='word_1_82' title='bbox 1422 941 1719 995; x_wconf 81' lang='lat' dir='ltr'>exsequcione</span> <span class='ocrx_word' id='word_1_83' title='bbox 1759 940 1876 982; x_wconf 90' lang='lat' dir='ltr'>dicte</span> <span class='ocrx_word' id='word_1_84' title='bbox 1922 941 2073 996; x_wconf 82' lang='lat' dir='ltr'>provi-</span> 
     </span>
     <span class='ocr_line' id='line_1_11' title="bbox 452 1011 2075 1066; baseline -0.001 -12"><span class='ocrx_word' id='word_1_85' title='bbox 452 1011 596 1055; x_wconf 87' lang='lat' dir='ltr'>sionis</span> <span class='ocrx_word' id='word_1_86' title='bbox 628 1014 781 1053; x_wconf 90' lang='lat' dir='ltr'>nostre</span> <span class='ocrx_word' id='word_1_87' title='bbox 820 1012 1138 1054; x_wconf 83' lang='lat' dir='ltr'>mandaremus</span> <span class='ocrx_word' id='word_1_88' title='bbox 1181 1011 1488 1066; x_wconf 86' lang='lat' dir='ltr'>supersedere,</span> <span class='ocrx_word' id='word_1_89' title='bbox 1529 1011 1741 1066; x_wconf 87' lang='lat' dir='ltr'>quoniam</span> <span class='ocrx_word' id='word_1_90' title='bbox 1773 1011 1870 1066; x_wconf 91' lang='lat' dir='ltr'>ipse</span> <span class='ocrx_word' id='word_1_91' title='bbox 1904 1011 2075 1052; x_wconf 89' lang='lat' dir='ltr'>archie-</span> 
     </span>
     <span class='ocr_line' id='line_1_12' title="bbox 454 1081 2075 1139; baseline 0 -15"><span class='ocrx_word' id='word_1_92' title='bbox 454 1082 667 1139; x_wconf 90' lang='lat' dir='ltr'>piscopus</span> <span class='ocrx_word' id='word_1_93' title='bbox 699 1082 745 1123; x_wconf 90' lang='lat' dir='ltr'>in</span> <span class='ocrx_word' id='word_1_94' title='bbox 778 1082 986 1137; x_wconf 84' lang='lat' dir='ltr'>proximo</span> <span class='ocrx_word' id='word_1_95' title='bbox 1018 1086 1125 1124; x_wconf 86' lang='lat' dir='ltr'>tunc</span> <span class='ocrx_word' id='word_1_96' title='bbox 1157 1081 1310 1124; x_wconf 88' lang='lat' dir='ltr'>futuro</span> <span class='ocrx_word' id='word_1_97' title='bbox 1343 1081 1699 1124; x_wconf 86' lang='lat' dir='ltr'>Terrachonensi</span> <span class='ocrx_word' id='word_1_98' title='bbox 1723 1081 1926 1134; x_wconf 90' lang='lat' dir='ltr'>concilio,</span> <span class='ocrx_word' id='word_1_99' title='bbox 1955 1082 2075 1136; x_wconf 86' lang='lat' dir='ltr'>quod</span> 
     </span>
     <span class='ocr_line' id='line_1_13' title="bbox 453 1151 2074 1209; baseline -0.001 -14"><span class='ocrx_word' id='word_1_100' title='bbox 453 1160 642 1209; x_wconf 87' lang='lat' dir='ltr'>propter</span> <span class='ocrx_word' id='word_1_101' title='bbox 672 1153 756 1195; x_wconf 88' lang='lat' dir='ltr'>hoc</span> <span class='ocrx_word' id='word_1_102' title='bbox 795 1153 1056 1195; x_wconf 76' lang='lat' dir='ltr'>intendebat</span> <span class='ocrx_word' id='word_1_103' title='bbox 1097 1151 1356 1207; x_wconf 83' lang='lat' dir='ltr'>specialiter</span> <span class='ocrx_word' id='word_1_104' title='bbox 1388 1164 1652 1204; x_wconf 89' lang='lat' dir='ltr'>convocare,</span> <span class='ocrx_word' id='word_1_105' title='bbox 1687 1186 1694 1193; x_wconf 92' lang='lat'>.</span> <span class='ocrx_word' id='word_1_106' title='bbox 1731 1185 1739 1193; x_wconf 88' lang='lat'><strong>.</strong></span> <span class='ocrx_word' id='word_1_107' title='bbox 1773 1186 1780 1194; x_wconf 93' lang='lat'>.</span> <span class='ocrx_word' id='word_1_108' title='bbox 1814 1156 1996 1194; x_wconf 85' lang='lat' dir='ltr'>curaret</span> <span class='ocrx_word' id='word_1_109' title='bbox 2028 1152 2074 1194; x_wconf 94' lang='lat' dir='ltr'>in</span> 
     </span>
     <span class='ocr_line' id='line_1_14' title="bbox 453 1223 2074 1280; baseline -0.001 -14"><span class='ocrx_word' id='word_1_110' title='bbox 453 1223 669 1280; x_wconf 84' lang='lat' dir='ltr'>predictis</span> <span class='ocrx_word' id='word_1_111' title='bbox 711 1223 957 1266; x_wconf 86' lang='lat' dir='ltr'>salubriter</span> <span class='ocrx_word' id='word_1_112' title='bbox 995 1223 1234 1278; x_wconf 82' lang='lat' dir='ltr'>providere</span> <span class='ocrx_word' id='word_1_113' title='bbox 1269 1257 1276 1263; x_wconf 96' lang='lat'>.</span> <span class='ocrx_word' id='word_1_114' title='bbox 1313 1256 1321 1263; x_wconf 92' lang='lat'><em>.</em></span> <span class='ocrx_word' id='word_1_115' title='bbox 1358 1256 1365 1264; x_wconf 89' lang='lat'><strong>.</strong></span> <span class='ocrx_word' id='word_1_116' title='bbox 1400 1223 1593 1278; x_wconf 88' lang='lat' dir='ltr'>Propter</span> <span class='ocrx_word' id='word_1_117' title='bbox 1632 1223 1751 1278; x_wconf 88' lang='lat' dir='ltr'>quod</span> <span class='ocrx_word' id='word_1_118' title='bbox 1782 1236 1864 1265; x_wconf 90' lang='lat' dir='ltr'>nos</span> <span class='ocrx_word' id='word_1_119' title='bbox 1899 1256 1906 1264; x_wconf 91' lang='lat'><strong>.</strong></span> <span class='ocrx_word' id='word_1_120' title='bbox 1942 1256 1951 1264; x_wconf 87' lang='lat'><strong>.</strong></span> <span class='ocrx_word' id='word_1_121' title='bbox 1987 1256 1995 1264; x_wconf 88' lang='lat'><strong>.</strong></span> <span class='ocrx_word' id='word_1_122' title='bbox 2028 1223 2074 1264; x_wconf 92' lang='lat' dir='ltr'>in</span> 
     </span>
     <span class='ocr_line' id='line_1_15' title="bbox 456 1293 2074 1350; baseline 0 -14"><span class='ocrx_word' id='word_1_123' title='bbox 456 1294 519 1338; x_wconf 88' lang='lat' dir='ltr'>eis</span> <span class='ocrx_word' id='word_1_124' title='bbox 552 1294 835 1350; x_wconf 84' lang='lat' dir='ltr'>supersederi</span> <span class='ocrx_word' id='word_1_125' title='bbox 873 1294 1201 1342; x_wconf 75' lang='lat' dir='ltr'>mandavimus,</span> <span class='ocrx_word' id='word_1_126' title='bbox 1235 1296 1284 1335; x_wconf 93' lang='lat' dir='ltr'>ut</span> <span class='ocrx_word' id='word_1_127' title='bbox 1326 1295 1517 1349; x_wconf 85' lang='lat' dir='ltr'>rogavit.</span> <span class='ocrx_word' id='word_1_128' title='bbox 1582 1294 1749 1335; x_wconf 79' lang='lat' dir='ltr'>Verum</span> <span class='ocrx_word' id='word_1_129' title='bbox 1789 1307 1888 1335; x_wconf 87' lang='lat' dir='ltr'>cum</span> <span class='ocrx_word' id='word_1_130' title='bbox 1927 1293 2074 1336; x_wconf 89' lang='lat' dir='ltr'>dictus</span> 
     </span>
     <span class='ocr_line' id='line_1_16' title="bbox 452 1364 2073 1420; baseline -0.001 -13"><span class='ocrx_word' id='word_1_131' title='bbox 452 1365 822 1420; x_wconf 80' lang='lat' dir='ltr'>archiepiscopus</span> <span class='ocrx_word' id='word_1_132' title='bbox 854 1369 1000 1407; x_wconf 89' lang='lat' dir='ltr'>morte</span> <span class='ocrx_word' id='word_1_133' title='bbox 1023 1368 1267 1420; x_wconf 69' lang='lat' dir='ltr'>preventus</span> <span class='ocrx_word' id='word_1_134' title='bbox 1289 1364 1514 1419; x_wconf 90' lang='lat' dir='ltr'>premissa</span> <span class='ocrx_word' id='word_1_135' title='bbox 1537 1364 1784 1419; x_wconf 84' lang='lat' dir='ltr'>adimplere</span> <span class='ocrx_word' id='word_1_136' title='bbox 1806 1364 2073 1419; x_wconf 76' lang='lat' dir='ltr'>nequiverit,</span> 
     </span>
     <span class='ocr_line' id='line_1_17' title="bbox 450 1433 2074 1491; baseline -0.001 -13"><span class='ocrx_word' id='word_1_137' title='bbox 450 1438 696 1491; x_wconf 88' lang='lat' dir='ltr'>propterea</span> <span class='ocrx_word' id='word_1_138' title='bbox 739 1435 866 1478; x_wconf 85' lang='lat' dir='ltr'>vobis</span> <span class='ocrx_word' id='word_1_139' title='bbox 909 1448 1046 1490; x_wconf 86' lang='lat' dir='ltr'>super</span> <span class='ocrx_word' id='word_1_140' title='bbox 1086 1435 1171 1477; x_wconf 90' lang='lat' dir='ltr'>hoc</span> <span class='ocrx_word' id='word_1_141' title='bbox 1209 1435 1491 1490; x_wconf 86' lang='lat' dir='ltr'>providimus</span> <span class='ocrx_word' id='word_1_142' title='bbox 1533 1435 1889 1477; x_wconf 88' lang='lat' dir='ltr'>describendum.</span> <span class='ocrx_word' id='word_1_143' title='bbox 1962 1433 2074 1476; x_wconf 85' lang='lat' dir='ltr'>Cum</span> 
     </span>
     <span class='ocr_line' id='line_1_18' title="bbox 451 1505 2075 1561; baseline -0.001 -13"><span class='ocrx_word' id='word_1_144' title='bbox 451 1506 608 1561; x_wconf 83' lang='lat' dir='ltr'>itaque</span> <span class='ocrx_word' id='word_1_145' title='bbox 652 1519 730 1548; x_wconf 86' lang='lat' dir='ltr'>vos</span> <span class='ocrx_word' id='word_1_146' title='bbox 772 1506 1031 1561; x_wconf 87' lang='lat' dir='ltr'>specialiter</span> <span class='ocrx_word' id='word_1_147' title='bbox 1072 1506 1116 1547; x_wconf 88' lang='lat' dir='ltr'>in</span> <span class='ocrx_word' id='word_1_148' title='bbox 1161 1505 1268 1548; x_wconf 83' lang='lat' dir='ltr'>dicti</span> <span class='ocrx_word' id='word_1_149' title='bbox 1309 1505 1665 1561; x_wconf 82' lang='lat' dir='ltr'>congregacione</span> <span class='ocrx_word' id='word_1_150' title='bbox 1709 1505 1884 1547; x_wconf 85' lang='lat' dir='ltr'>concilii</span> <span class='ocrx_word' id='word_1_151' title='bbox 1927 1506 1983 1547; x_wconf 89' lang='lat' dir='ltr'>ad</span> <span class='ocrx_word' id='word_1_152' title='bbox 2023 1518 2075 1547; x_wconf 87' lang='grc'>63</span> 
     </span>
     <span class='ocr_line' id='line_1_19' title="bbox 447 1576 2075 1632; baseline 0 -15"><span class='ocrx_word' id='word_1_153' title='bbox 447 1576 699 1619; x_wconf 38' lang='lat' dir='ltr'>*efficaciter</span> <span class='ocrx_word' id='word_1_154' title='bbox 756 1577 958 1619; x_wconf 84' lang='lat' dir='ltr'>debeatis</span> <span class='ocrx_word' id='word_1_155' title='bbox 996 1577 1247 1627; x_wconf 80' lang='lat' dir='ltr'>intendere,</span> <span class='ocrx_word' id='word_1_156' title='bbox 1289 1610 1297 1617; x_wconf 88' lang='lat'><strong>.</strong></span> <span class='ocrx_word' id='word_1_157' title='bbox 1339 1610 1347 1617; x_wconf 91' lang='lat'><strong>.</strong></span> <span class='ocrx_word' id='word_1_158' title='bbox 1390 1610 1397 1617; x_wconf 95' lang='lat'>.</span> <span class='ocrx_word' id='word_1_159' title='bbox 1439 1589 1692 1632; x_wconf 88' lang='lat' dir='ltr'>precamur,</span> <span class='ocrx_word' id='word_1_160' title='bbox 1742 1579 1964 1631; x_wconf 83' lang='lat' dir='ltr'>quatenus</span> <span class='ocrx_word' id='word_1_161' title='bbox 2010 1576 2075 1618; x_wconf 89' lang='lat' dir='ltr'>sic</span> 
     </span>
     <span class='ocr_line' id='line_1_20' title="bbox 444 1646 2075 1703; baseline -0.001 -14"><span class='ocrx_word' id='word_1_162' title='bbox 444 1647 669 1703; x_wconf 49' lang='lat' dir='ltr'>{predictis</span> <span class='ocrx_word' id='word_1_163' title='bbox 704 1681 711 1688; x_wconf 94' lang='lat'>.</span> <span class='ocrx_word' id='word_1_164' title='bbox 748 1682 756 1688; x_wconf 93' lang='lat'>.</span> <span class='ocrx_word' id='word_1_165' title='bbox 792 1681 800 1688; x_wconf 93' lang='lat'><strong>.</strong></span> <span class='ocrx_word' id='word_1_166' title='bbox 836 1647 1019 1689; x_wconf 82' lang='lat' dir='ltr'>obviare</span> <span class='ocrx_word' id='word_1_167' title='bbox 1062 1647 1243 1698; x_wconf 89' lang='lat' dir='ltr'>curetis,</span> <span class='ocrx_word' id='word_1_168' title='bbox 1279 1681 1287 1688; x_wconf 92' lang='lat'><em>.</em></span> <span class='ocrx_word' id='word_1_169' title='bbox 1323 1682 1330 1689; x_wconf 92' lang='lat'>.</span> <span class='ocrx_word' id='word_1_170' title='bbox 1366 1680 1375 1687; x_wconf 84' lang='grc'><strong>.</strong></span> <span class='ocrx_word' id='word_1_171' title='bbox 1411 1647 1531 1702; x_wconf 87' lang='lat' dir='ltr'>quod</span> <span class='ocrx_word' id='word_1_172' title='bbox 1561 1660 1643 1703; x_wconf 91' lang='lat' dir='ltr'>per</span> <span class='ocrx_word' id='word_1_173' title='bbox 1673 1647 1802 1698; x_wconf 70' lang='lat' dir='ltr'>tales,</span> <span class='ocrx_word' id='word_1_174' title='bbox 1835 1646 1874 1689; x_wconf 89' lang='lat' dir='ltr'>si</span> <span class='ocrx_word' id='word_1_175' title='bbox 1905 1646 1974 1689; x_wconf 84' lang='lat' dir='ltr'>fas</span> <span class='ocrx_word' id='word_1_176' title='bbox 2008 1650 2075 1689; x_wconf 89' lang='lat' dir='ltr'>est</span> 
     </span>
     <span class='ocr_line' id='line_1_21' title="bbox 445 1717 2075 1773; baseline -0.001 -13"><span class='ocrx_word' id='word_1_177' title='bbox 445 1718 614 1770; x_wconf 75' lang='lat' dir='ltr'>dicere,</span> <span class='ocrx_word' id='word_1_178' title='bbox 649 1717 835 1760; x_wconf 88' lang='lat' dir='ltr'>clericos</span> <span class='ocrx_word' id='word_1_179' title='bbox 868 1718 913 1759; x_wconf 93' lang='lat' dir='ltr'>in</span> <span class='ocrx_word' id='word_1_180' title='bbox 946 1718 1081 1760; x_wconf 87' lang='lat' dir='ltr'>terris</span> <span class='ocrx_word' id='word_1_181' title='bbox 1114 1718 1282 1761; x_wconf 89' lang='lat' dir='ltr'>nostris</span> <span class='ocrx_word' id='word_1_182' title='bbox 1313 1731 1403 1773; x_wconf 80' lang='lat' dir='ltr'>pax</span> <span class='ocrx_word' id='word_1_183' title='bbox 1438 1720 1480 1759; x_wconf 88' lang='lat' dir='ltr'>et</span> <span class='ocrx_word' id='word_1_184' title='bbox 1512 1717 1691 1760; x_wconf 87' lang='lat' dir='ltr'>iusticia</span> <span class='ocrx_word' id='word_1_185' title='bbox 1714 1730 1802 1759; x_wconf 88' lang='lat' dir='ltr'>non</span> <span class='ocrx_word' id='word_1_186' title='bbox 1835 1717 2075 1760; x_wconf 90' lang='lat' dir='ltr'>turbentur</span> 
     </span>
     <span class='ocr_line' id='line_1_22' title="bbox 445 1788 2074 1843; baseline 0.001 -14"><span class='ocrx_word' id='word_1_187' title='bbox 445 1792 523 1832; x_wconf 82' lang='lat' dir='ltr'>:set</span> <span class='ocrx_word' id='word_1_188' title='bbox 554 1788 776 1831; x_wconf 86' lang='lat' dir='ltr'>tollantur</span> <span class='ocrx_word' id='word_1_189' title='bbox 807 1789 1066 1831; x_wconf 86' lang='lat' dir='ltr'>huiusmodi</span> <span class='ocrx_word' id='word_1_190' title='bbox 1088 1788 1302 1831; x_wconf 83' lang='lat' dir='ltr'>scandala</span> <span class='ocrx_word' id='word_1_191' title='bbox 1317 1789 1350 1843; x_wconf 79' lang='grc'>1)</span> <span class='ocrx_word' id='word_1_192' title='bbox 1385 1823 1393 1830; x_wconf 89' lang='lat'><strong>.</strong></span> <span class='ocrx_word' id='word_1_193' title='bbox 1430 1822 1437 1829; x_wconf 94' lang='lat'><strong>.</strong></span> <span class='ocrx_word' id='word_1_194' title='bbox 1474 1823 1481 1830; x_wconf 91' lang='lat'>.</span> <span class='ocrx_word' id='word_1_195' title='bbox 1519 1788 1620 1830; x_wconf 89' lang='lat' dir='ltr'>Dat.</span> <span class='ocrx_word' id='word_1_196' title='bbox 1653 1788 1817 1830; x_wconf 83' lang='lat' dir='ltr'>Xative</span> <span class='ocrx_word' id='word_1_197' title='bbox 1840 1789 1896 1830; x_wconf 93' lang='grc' dir='ltr'>ΙΙ.</span> <span class='ocrx_word' id='word_1_198' title='bbox 1931 1801 2074 1831; x_wconf 85' lang='lat' dir='ltr'>nonas</span> 
     </span>
     <span class='ocr_line' id='line_1_23' title="bbox 450 1857 1409 1902; baseline -0.001 -1"><span class='ocrx_word' id='word_1_199' title='bbox 450 1859 689 1902; x_wconf 73' lang='lat' dir='ltr'>[Februarii</span> <span class='ocrx_word' id='word_1_200' title='bbox 722 1873 837 1901; x_wconf 89' lang='lat' dir='ltr'>anno</span> <span class='ocrx_word' id='word_1_201' title='bbox 873 1859 1043 1901; x_wconf 90' lang='lat' dir='ltr'>domini</span> <span class='ocrx_word' id='word_1_202' title='bbox 1074 1857 1235 1901; x_wconf 80' lang='lat' dir='ltr'>MCOC</span> <span class='ocrx_word' id='word_1_203' title='bbox 1267 1859 1409 1901; x_wconf 84' lang='lat' dir='ltr'><strong>XVII.</strong></span> 
     </span>
    </p>
   </div>
   <div class='ocr_carea' id='block_1_3' title="bbox 442 1939 2077 2750">
    <p class='ocr_par' dir='ltr' id='par_1_3' title="bbox 442 1939 2077 2750">
     <span class='ocr_line' id='line_1_24' title="bbox 594 1939 2074 1986; baseline -0.001 -11"><span class='ocrx_word' id='word_1_204' title='bbox 594 1941 677 1986; x_wconf 83' lang='lat' dir='ltr'>Reg.</span> <span class='ocrx_word' id='word_1_205' title='bbox 703 1941 772 1975; x_wconf 72' lang='lat'>244</span> <span class='ocrx_word' id='word_1_206' title='bbox 806 1942 830 1975; x_wconf 79' lang='lat' dir='ltr'>f.</span> <span class='ocrx_word' id='word_1_207' title='bbox 858 1941 963 1977; x_wconf 53' lang='lat'>228⁸:</span> <span class='ocrx_word' id='word_1_208' title='bbox 991 1941 1015 1977; x_wconf 84' lang='lat' dir='ltr'>f.</span> <span class='ocrx_word' id='word_1_209' title='bbox 1041 1940 1110 1975; x_wconf 78' lang='lat'>229</span> <span class='ocrx_word' id='word_1_210' title='bbox 1143 1940 1255 1975; x_wconf 79' lang='lat' dir='ltr'>erhalt</span> <span class='ocrx_word' id='word_1_211' title='bbox 1280 1941 1437 1975; x_wconf 85' lang='lat' dir='ltr'>Bernard</span> <span class='ocrx_word' id='word_1_212' title='bbox 1468 1941 1528 1974; x_wconf 87' lang='lat' dir='ltr'>des</span> <span class='ocrx_word' id='word_1_213' title='bbox 1554 1939 1714 1974; x_wconf 86' lang='lat' dir='ltr'>Fonollar</span> <span class='ocrx_word' id='word_1_214' title='bbox 1745 1941 1813 1974; x_wconf 91' lang='lat' dir='ltr'>den</span> <span class='ocrx_word' id='word_1_215' title='bbox 1837 1940 1988 1984; x_wconf 66' lang='lat' dir='ltr'>Auitrag</span> <span class='ocrx_word' id='word_1_216' title='bbox 2019 1939 2074 1974; x_wconf 86' lang='lat' dir='ltr'>die</span> 
     </span>
     <span class='ocr_line' id='line_1_25' title="bbox 448 1998 2075 2044; baseline -0.001 -10"><span class='ocrx_word' id='word_1_217' title='bbox 448 2000 673 2044; x_wconf 74' lang='lat' dir='ltr'>koniglichen</span> <span class='ocrx_word' id='word_1_218' title='bbox 698 2000 882 2034; x_wconf 81' lang='lat' dir='ltr'>Wiinsche</span> <span class='ocrx_word' id='word_1_219' title='bbox 919 2000 980 2034; x_wconf 83' lang='lat' dir='ltr'>auf</span> <span class='ocrx_word' id='word_1_220' title='bbox 1017 2000 1096 2034; x_wconf 86' lang='lat' dir='ltr'>dem</span> <span class='ocrx_word' id='word_1_221' title='bbox 1122 1999 1247 2034; x_wconf 86' lang='lat' dir='ltr'>Konzil</span> <span class='ocrx_word' id='word_1_222' title='bbox 1283 2011 1327 2033; x_wconf 88' lang='lat' dir='ltr'>zu</span> <span class='ocrx_word' id='word_1_223' title='bbox 1363 2001 1551 2035; x_wconf 77' lang='lat' dir='ltr'>vertreten.</span> <span class='ocrx_word' id='word_1_224' title='bbox 1602 1999 1708 2032; x_wconf 88' lang='lat' dir='ltr'>Einer</span> <span class='ocrx_word' id='word_1_225' title='bbox 1742 1999 1804 2032; x_wconf 88' lang='lat' dir='ltr'>der</span> <span class='ocrx_word' id='word_1_226' title='bbox 1835 1998 2075 2033; x_wconf 85' lang='lat' dir='ltr'>schlimmsten</span> 
     </span>
     <span class='ocr_line' id='line_1_26' title="bbox 454 2057 2075 2103; baseline -0.001 -10"><span class='ocrx_word' id='word_1_227' title='bbox 454 2058 549 2093; x_wconf 59' lang='lat' dir='ltr'>Faue</span> <span class='ocrx_word' id='word_1_228' title='bbox 575 2059 750 2103; x_wconf 80' lang='lat' dir='ltr'>ereignete</span> <span class='ocrx_word' id='word_1_229' title='bbox 789 2059 863 2093; x_wconf 88' lang='lat' dir='ltr'>sich</span> <span class='ocrx_word' id='word_1_230' title='bbox 888 2058 936 2092; x_wconf 90' lang='lat' dir='ltr'>im</span> <span class='ocrx_word' id='word_1_231' title='bbox 960 2058 1067 2093; x_wconf 85' lang='lat' dir='ltr'>Jahre</span> <span class='ocrx_word' id='word_1_232' title='bbox 1095 2058 1187 2093; x_wconf 87' lang='lat'>1300</span> <span class='ocrx_word' id='word_1_233' title='bbox 1212 2058 1315 2102; x_wconf 77' lang='lat' dir='ltr'>(CRD</span> <span class='ocrx_word' id='word_1_234' title='bbox 1342 2057 1440 2097; x_wconf 65' lang='lat'>936):</span> <span class='ocrx_word' id='word_1_235' title='bbox 1478 2057 1572 2092; x_wconf 90' lang='lat' dir='ltr'>Ponc</span> <span class='ocrx_word' id='word_1_236' title='bbox 1597 2057 1704 2100; x_wconf 82' lang='lat' dir='ltr'>Fibla,</span> <span class='ocrx_word' id='word_1_237' title='bbox 1743 2057 1801 2101; x_wconf 85' lang='lat' dir='ltr'>qui</span> <span class='ocrx_word' id='word_1_238' title='bbox 1826 2058 1861 2091; x_wconf 81' lang='lat' dir='ltr'>fo</span> <span class='ocrx_word' id='word_1_239' title='bbox 1895 2068 1939 2091; x_wconf 89' lang='lat' dir='ltr'>en</span> <span class='ocrx_word' id='word_1_240' title='bbox 1962 2061 2075 2102; x_wconf 87' lang='lat' dir='ltr'>temps</span> 
     </span>
     <span class='ocr_line' id='line_1_27' title="bbox 446 2115 2074 2161; baseline -0.001 -10"><span class='ocrx_word' id='word_1_241' title='bbox 446 2120 569 2161; x_wconf 47' lang='lat' dir='ltr'>*passat</span> <span class='ocrx_word' id='word_1_242' title='bbox 593 2118 790 2152; x_wconf 84' lang='lat' dir='ltr'>cambiador</span> <span class='ocrx_word' id='word_1_243' title='bbox 815 2118 857 2151; x_wconf 87' lang='lat' dir='ltr'>de</span> <span class='ocrx_word' id='word_1_244' title='bbox 871 2117 1046 2159; x_wconf 75' lang='lat' dir='ltr'>Valencia,</span> <span class='ocrx_word' id='word_1_245' title='bbox 1074 2128 1111 2151; x_wconf 90' lang='lat' dir='ltr'>es</span> <span class='ocrx_word' id='word_1_246' title='bbox 1137 2127 1216 2161; x_wconf 88' lang='lat' dir='ltr'>pres</span> <span class='ocrx_word' id='word_1_247' title='bbox 1235 2146 1242 2153; x_wconf 93' lang='lat'><strong>.</strong></span> <span class='ocrx_word' id='word_1_248' title='bbox 1263 2145 1270 2151; x_wconf 90' lang='lat'>.</span> <span class='ocrx_word' id='word_1_249' title='bbox 1292 2144 1298 2151; x_wconf 89' lang='lat'>.</span> <span class='ocrx_word' id='word_1_250' title='bbox 1318 2127 1380 2160; x_wconf 88' lang='lat' dir='ltr'>per</span> <span class='ocrx_word' id='word_1_251' title='bbox 1405 2127 1443 2158; x_wconf 68' lang='lat' dir='ltr'>co</span> <span class='ocrx_word' id='word_1_252' title='bbox 1470 2127 1529 2150; x_wconf 92' lang='lat' dir='ltr'>cor</span> <span class='ocrx_word' id='word_1_253' title='bbox 1554 2115 1670 2150; x_wconf 82' lang='lat' dir='ltr'>sabate</span> <span class='ocrx_word' id='word_1_254' title='bbox 1697 2116 1848 2155; x_wconf 75' lang='lat' dir='ltr'>(machte</span> <span class='ocrx_word' id='word_1_255' title='bbox 1873 2116 2074 2160; x_wconf 84' lang='lat' dir='ltr'>Bankerott)</span> 
     </span>
     <span class='ocr_line' id='line_1_28' title="bbox 442 2175 2074 2221; baseline 0 -13"><span class='ocrx_word' id='word_1_256' title='bbox 442 2176 494 2210; x_wconf 86' lang='lat' dir='ltr'>.ab</span> <span class='ocrx_word' id='word_1_257' title='bbox 518 2187 621 2220; x_wconf 85' lang='lat' dir='ltr'>grans</span> <span class='ocrx_word' id='word_1_258' title='bbox 638 2177 825 2221; x_wconf 84' lang='lat' dir='ltr'>quantitats</span> <span class='ocrx_word' id='word_1_259' title='bbox 851 2177 984 2218; x_wconf 80' lang='lat' dir='ltr'>davers,</span> <span class='ocrx_word' id='word_1_260' title='bbox 1011 2186 1077 2220; x_wconf 88' lang='lat' dir='ltr'>que</span> <span class='ocrx_word' id='word_1_261' title='bbox 1094 2176 1194 2210; x_wconf 84' lang='lat' dir='ltr'>devia</span> <span class='ocrx_word' id='word_1_262' title='bbox 1219 2178 1253 2210; x_wconf 90' lang='lat' dir='ltr'>et</span> <span class='ocrx_word' id='word_1_263' title='bbox 1276 2175 1369 2209; x_wconf 81' lang='lat' dir='ltr'>tenia</span> <span class='ocrx_word' id='word_1_264' title='bbox 1386 2186 1429 2209; x_wconf 88' lang='lat' dir='ltr'>en</span> <span class='ocrx_word' id='word_1_265' title='bbox 1447 2175 1623 2211; x_wconf 78' lang='lat' dir='ltr'>comanda,</span> <span class='ocrx_word' id='word_1_266' title='bbox 1649 2175 1706 2209; x_wconf 76' lang='lat' dir='ltr'>axi</span> <span class='ocrx_word' id='word_1_267' title='bbox 1724 2185 1802 2209; x_wconf 92' lang='lat' dir='ltr'>com</span> <span class='ocrx_word' id='word_1_268' title='bbox 1819 2185 1839 2209; x_wconf 88' lang='grc'>3</span> <span class='ocrx_word' id='word_1_269' title='bbox 1856 2175 2074 2218; x_wconf 82' lang='lat' dir='ltr'>cambiador3</span> 
     </span>
     <span class='ocr_line' id='line_1_29' title="bbox 446 2233 2076 2280; baseline 0 -12"><span class='ocrx_word' id='word_1_270' title='bbox 446 2245 517 2278; x_wconf 67' lang='lat' dir='ltr'>per</span> <span class='ocrx_word' id='word_1_271' title='bbox 541 2235 574 2269; x_wconf 87' lang='grc'>13</span> <span class='ocrx_word' id='word_1_272' title='bbox 590 2235 669 2280; x_wconf 83' lang='lat' dir='ltr'>qual</span> <span class='ocrx_word' id='word_1_273' title='bbox 695 2246 774 2270; x_wconf 86' lang='lat' dir='ltr'>cosa</span> <span class='ocrx_word' id='word_1_274' title='bbox 799 2235 836 2269; x_wconf 77' lang='lat' dir='ltr'>fo</span> <span class='ocrx_word' id='word_1_275' title='bbox 864 2237 1003 2279; x_wconf 84' lang='lat' dir='ltr'>request</span> <span class='ocrx_word' id='word_1_276' title='bbox 1028 2245 1091 2278; x_wconf 86' lang='lat' dir='ltr'>per</span> <span class='ocrx_word' id='word_1_277' title='bbox 1117 2234 1165 2269; x_wconf 86' lang='lat' dir='ltr'>los</span> <span class='ocrx_word' id='word_1_278' title='bbox 1190 2235 1389 2269; x_wconf 86' lang='lat' dir='ltr'>mercaders</span> <span class='ocrx_word' id='word_1_279' title='bbox 1416 2239 1450 2268; x_wconf 88' lang='lat' dir='ltr'>et</span> <span class='ocrx_word' id='word_1_280' title='bbox 1475 2234 1647 2275; x_wconf 84' lang='lat' dir='ltr'>creedors,</span> <span class='ocrx_word' id='word_1_281' title='bbox 1674 2233 1722 2268; x_wconf 82' lang='lat' dir='ltr'>als</span> <span class='ocrx_word' id='word_1_282' title='bbox 1741 2233 1838 2278; x_wconf 85' lang='lat' dir='ltr'>quals</span> <span class='ocrx_word' id='word_1_283' title='bbox 1864 2244 1923 2267; x_wconf 87' lang='lat' dir='ltr'>era</span> <span class='ocrx_word' id='word_1_284' title='bbox 1948 2233 2076 2278; x_wconf 85' lang='lat' dir='ltr'>obligat</span> 
     </span>
     <span class='ocr_line' id='line_1_30' title="bbox 454 2292 2077 2338; baseline -0.001 -11"><span class='ocrx_word' id='word_1_285' title='bbox 454 2304 516 2337; x_wconf 88' lang='lat' dir='ltr'>per</span> <span class='ocrx_word' id='word_1_286' title='bbox 545 2293 578 2327; x_wconf 92' lang='grc'>13</span> <span class='ocrx_word' id='word_1_287' title='bbox 610 2294 680 2327; x_wconf 82' lang='lat' dir='ltr'>dita</span> <span class='ocrx_word' id='word_1_288' title='bbox 710 2294 804 2328; x_wconf 82' lang='lat' dir='ltr'>raho.</span> <span class='ocrx_word' id='word_1_289' title='bbox 855 2294 908 2328; x_wconf 83' lang='lat' dir='ltr'>Im</span> <span class='ocrx_word' id='word_1_290' title='bbox 935 2294 1125 2338; x_wconf 73' lang='lat' dir='ltr'>Gesangnis</span> <span class='ocrx_word' id='word_1_291' title='bbox 1158 2293 1305 2328; x_wconf 69' lang='lat' dir='ltr'>erklarte</span> <span class='ocrx_word' id='word_1_292' title='bbox 1337 2304 1390 2327; x_wconf 90' lang='lat' dir='ltr'>er:</span> <span class='ocrx_word' id='word_1_293' title='bbox 1424 2304 1519 2328; x_wconf 88' lang='lat' dir='ltr'>esser</span> <span class='ocrx_word' id='word_1_294' title='bbox 1549 2292 1687 2337; x_wconf 85' lang='lat' dir='ltr'>clergue</span> <span class='ocrx_word' id='word_1_295' title='bbox 1719 2296 1754 2326; x_wconf 83' lang='lat' dir='ltr'>et</span> <span class='ocrx_word' id='word_1_296' title='bbox 1778 2303 1844 2336; x_wconf 91' lang='lat' dir='ltr'>que</span> <span class='ocrx_word' id='word_1_297' title='bbox 1876 2303 1945 2326; x_wconf 92' lang='lat' dir='ltr'>non</span> <span class='ocrx_word' id='word_1_298' title='bbox 1976 2293 2077 2327; x_wconf 84' lang='lat' dir='ltr'>devia</span> 
     </span>
     <span class='ocr_line' id='line_1_31' title="bbox 445 2351 2074 2396; baseline -0.001 -10"><span class='ocrx_word' id='word_1_299' title='bbox 445 2354 573 2387; x_wconf 82' lang='lat' dir='ltr'>-contra</span> <span class='ocrx_word' id='word_1_300' title='bbox 598 2352 644 2386; x_wconf 93' lang='grc'>611</span> <span class='ocrx_word' id='word_1_301' title='bbox 670 2363 765 2387; x_wconf 82' lang='lat' dir='ltr'>esser</span> <span class='ocrx_word' id='word_1_302' title='bbox 790 2355 930 2386; x_wconf 82' lang='lat' dir='ltr'>enantat</span> <span class='ocrx_word' id='word_1_303' title='bbox 954 2363 1017 2396; x_wconf 88' lang='lat' dir='ltr'>per</span> <span class='ocrx_word' id='word_1_304' title='bbox 1040 2352 1072 2386; x_wconf 82' lang='lat' dir='ltr'>la</span> <span class='ocrx_word' id='word_1_305' title='bbox 1097 2354 1214 2387; x_wconf 74' lang='lat' dir='ltr'>vostra</span> <span class='ocrx_word' id='word_1_306' title='bbox 1238 2352 1444 2386; x_wconf 87' lang='lat' dir='ltr'>iurisdiccio.</span> <span class='ocrx_word' id='word_1_307' title='bbox 1494 2351 1559 2386; x_wconf 89' lang='lat' dir='ltr'>Die</span> <span class='ocrx_word' id='word_1_308' title='bbox 1585 2351 1695 2386; x_wconf 82' lang='lat' dir='ltr'>Sache</span> <span class='ocrx_word' id='word_1_309' title='bbox 1722 2351 1840 2385; x_wconf 78' lang='lat' dir='ltr'>wurde</span> <span class='ocrx_word' id='word_1_310' title='bbox 1867 2351 1934 2387; x_wconf 85' lang='lat' dir='ltr'>den</span> <span class='ocrx_word' id='word_1_311' title='bbox 1959 2351 2074 2385; x_wconf 82' lang='lat' dir='ltr'>kirch-</span> 
     </span>
     <span class='ocr_line' id='line_1_32' title="bbox 448 2409 2076 2455; baseline -0.001 -9"><span class='ocrx_word' id='word_1_312' title='bbox 448 2411 569 2446; x_wconf 87' lang='lat' dir='ltr'>lichen</span> <span class='ocrx_word' id='word_1_313' title='bbox 595 2412 754 2455; x_wconf 82' lang='lat' dir='ltr'>Organen</span> <span class='ocrx_word' id='word_1_314' title='bbox 778 2411 988 2455; x_wconf 81' lang='lat' dir='ltr'>iibergeben.</span> <span class='ocrx_word' id='word_1_315' title='bbox 1039 2411 1066 2445; x_wconf 84' lang='lat' dir='ltr'>E</span> <span class='ocrx_word' id='word_1_316' title='bbox 1091 2422 1214 2455; x_wconf 84' lang='lat' dir='ltr'>segons</span> <span class='ocrx_word' id='word_1_317' title='bbox 1246 2421 1312 2455; x_wconf 84' lang='lat' dir='ltr'>que</span> <span class='ocrx_word' id='word_1_318' title='bbox 1337 2411 1382 2445; x_wconf 90' lang='grc'>116</span> <span class='ocrx_word' id='word_1_319' title='bbox 1409 2413 1517 2453; x_wconf 86' lang='lat' dir='ltr'>entes,</span> <span class='ocrx_word' id='word_1_320' title='bbox 1550 2410 1587 2444; x_wconf 80' lang='lat' dir='ltr'>fo</span> <span class='ocrx_word' id='word_1_321' title='bbox 1613 2409 1746 2444; x_wconf 85' lang='lat' dir='ltr'>donada</span> <span class='ocrx_word' id='word_1_322' title='bbox 1776 2410 1963 2453; x_wconf 83' lang='lat' dir='ltr'>sentencia,</span> <span class='ocrx_word' id='word_1_323' title='bbox 1997 2409 2076 2454; x_wconf 85' lang='lat' dir='ltr'>quel</span> 
     </span>
     <span class='ocr_line' id='line_1_33' title="bbox 454 2468 2074 2514; baseline -0.001 -10"><span class='ocrx_word' id='word_1_324' title='bbox 454 2470 505 2504; x_wconf 88' lang='lat' dir='ltr'>dit</span> <span class='ocrx_word' id='word_1_325' title='bbox 529 2481 573 2504; x_wconf 90' lang='lat' dir='ltr'>en</span> <span class='ocrx_word' id='word_1_326' title='bbox 597 2470 691 2512; x_wconf 71' lang='lat' dir='ltr'>Pone</span> <span class='ocrx_word' id='word_1_327' title='bbox 717 2469 814 2504; x_wconf 84' lang='lat' dir='ltr'>Fibla</span> <span class='ocrx_word' id='word_1_328' title='bbox 839 2480 876 2504; x_wconf 89' lang='lat' dir='ltr'>es</span> <span class='ocrx_word' id='word_1_329' title='bbox 894 2469 1056 2514; x_wconf 64' lang='lat' dir='ltr'>&#39;clerguel</span> <span class='ocrx_word' id='word_1_330' title='bbox 1094 2470 1147 2504; x_wconf 91' lang='lat' dir='ltr'>De</span> <span class='ocrx_word' id='word_1_331' title='bbox 1180 2469 1213 2504; x_wconf 85' lang='lat' dir='ltr'>la</span> <span class='ocrx_word' id='word_1_332' title='bbox 1238 2469 1317 2514; x_wconf 82' lang='lat' dir='ltr'>qual</span> <span class='ocrx_word' id='word_1_333' title='bbox 1343 2480 1434 2513; x_wconf 85' lang='lat' dir='ltr'>cosa,</span> <span class='ocrx_word' id='word_1_334' title='bbox 1476 2480 1613 2513; x_wconf 70' lang='lat' dir='ltr'>senyor,</span> <span class='ocrx_word' id='word_1_335' title='bbox 1652 2480 1689 2503; x_wconf 89' lang='lat' dir='ltr'>se</span> <span class='ocrx_word' id='word_1_336' title='bbox 1720 2468 1909 2503; x_wconf 68' lang='lat' dir='ltr'>meravella</span> <span class='ocrx_word' id='word_1_337' title='bbox 1933 2468 2019 2503; x_wconf 84' lang='lat' dir='ltr'>molt</span> <span class='ocrx_word' id='word_1_338' title='bbox 2043 2468 2074 2502; x_wconf 93' lang='lat' dir='ltr'>lo</span> 
     </span>
     <span class='ocr_line' id='line_1_34' title="bbox 445 2526 2075 2573; baseline -0.002 -10"><span class='ocrx_word' id='word_1_339' title='bbox 445 2528 596 2573; x_wconf 70' lang='lat' dir='ltr'>‹consell,</span> <span class='ocrx_word' id='word_1_340' title='bbox 624 2557 631 2563; x_wconf 91' lang='lat'>.</span> <span class='ocrx_word' id='word_1_341' title='bbox 659 2557 666 2563; x_wconf 88' lang='lat'><em>.</em></span> <span class='ocrx_word' id='word_1_342' title='bbox 689 2556 697 2564; x_wconf 88' lang='lat'><em>.</em></span> <span class='ocrx_word' id='word_1_343' title='bbox 725 2539 790 2572; x_wconf 81' lang='lat' dir='ltr'>que</span> <span class='ocrx_word' id='word_1_344' title='bbox 816 2528 929 2570; x_wconf 87' lang='lat' dir='ltr'>home,</span> <span class='ocrx_word' id='word_1_345' title='bbox 957 2539 1022 2572; x_wconf 89' lang='lat' dir='ltr'>que</span> <span class='ocrx_word' id='word_1_346' title='bbox 1049 2528 1098 2562; x_wconf 83' lang='lat' dir='ltr'>sia</span> <span class='ocrx_word' id='word_1_347' title='bbox 1123 2528 1202 2563; x_wconf 88' lang='lat' dir='ltr'>lech</span> <span class='ocrx_word' id='word_1_348' title='bbox 1227 2531 1261 2562; x_wconf 88' lang='lat' dir='ltr'>et</span> <span class='ocrx_word' id='word_1_349' title='bbox 1286 2529 1366 2563; x_wconf 66' lang='lat' dir='ltr'>viva</span> <span class='ocrx_word' id='word_1_350' title='bbox 1391 2539 1468 2562; x_wconf 90' lang='lat' dir='ltr'>com</span> <span class='ocrx_word' id='word_1_351' title='bbox 1493 2539 1513 2562; x_wconf 88' lang='lat' dir='ltr'>a</span> <span class='ocrx_word' id='word_1_352' title='bbox 1538 2528 1615 2561; x_wconf 87' lang='lat' dir='ltr'>lech</span> <span class='ocrx_word' id='word_1_353' title='bbox 1642 2530 1676 2561; x_wconf 86' lang='lat' dir='ltr'>et</span> <span class='ocrx_word' id='word_1_354' title='bbox 1702 2538 1745 2561; x_wconf 88' lang='lat' dir='ltr'>en</span> <span class='ocrx_word' id='word_1_355' title='bbox 1770 2527 1841 2561; x_wconf 80' lang='lat' dir='ltr'>abit</span> <span class='ocrx_word' id='word_1_356' title='bbox 1866 2526 1963 2562; x_wconf 84' lang='lat' dir='ltr'>laica]</span> <span class='ocrx_word' id='word_1_357' title='bbox 1989 2537 2075 2561; x_wconf 82' lang='lat' dir='ltr'>usan</span> 
     </span>
     <span class='ocr_line' id='line_1_35' title="bbox 445 2586 2074 2631; baseline -0.001 -10"><span class='ocrx_word' id='word_1_358' title='bbox 445 2587 571 2631; x_wconf 66' lang='lat' dir='ltr'>daytal</span> <span class='ocrx_word' id='word_1_359' title='bbox 596 2587 695 2622; x_wconf 78' lang='lat' dir='ltr'>offici</span> <span class='ocrx_word' id='word_1_360' title='bbox 723 2598 799 2622; x_wconf 91' lang='lat' dir='ltr'>com</span> <span class='ocrx_word' id='word_1_361' title='bbox 824 2586 1021 2621; x_wconf 86' lang='lat' dir='ltr'>cambiador</span> <span class='ocrx_word' id='word_1_362' title='bbox 1043 2615 1049 2621; x_wconf 89' lang='lat'>.</span> <span class='ocrx_word' id='word_1_363' title='bbox 1071 2615 1077 2621; x_wconf 87' lang='lat'><strong>.</strong></span> <span class='ocrx_word' id='word_1_364' title='bbox 1099 2615 1104 2621; x_wconf 96' lang='lat'>.</span> <span class='ocrx_word' id='word_1_365' title='bbox 1124 2589 1159 2621; x_wconf 83' lang='lat' dir='ltr'>et</span> <span class='ocrx_word' id='word_1_366' title='bbox 1183 2598 1268 2631; x_wconf 82' lang='lat' dir='ltr'>ques</span> <span class='ocrx_word' id='word_1_367' title='bbox 1293 2587 1343 2622; x_wconf 85' lang='lat' dir='ltr'>sia</span> <span class='ocrx_word' id='word_1_368' title='bbox 1368 2587 1457 2630; x_wconf 68' lang='lat' dir='ltr'>alcat</span> <span class='ocrx_word' id='word_1_369' title='bbox 1481 2590 1516 2621; x_wconf 84' lang='lat' dir='ltr'>et</span> <span class='ocrx_word' id='word_1_370' title='bbox 1541 2587 1661 2621; x_wconf 79' lang='lat' dir='ltr'>abatut</span> <span class='ocrx_word' id='word_1_371' title='bbox 1685 2586 1727 2620; x_wconf 83' lang='lat' dir='ltr'>ab</span> <span class='ocrx_word' id='word_1_372' title='bbox 1753 2588 1812 2619; x_wconf 85' lang='lat' dir='ltr'>tan</span> <span class='ocrx_word' id='word_1_373' title='bbox 1836 2596 1940 2631; x_wconf 88' lang='lat' dir='ltr'>grans</span> <span class='ocrx_word' id='word_1_374' title='bbox 1966 2596 2074 2630; x_wconf 87' lang='lat' dir='ltr'>quan-</span> 
     </span>
     <span class='ocr_line' id='line_1_36' title="bbox 454 2644 2075 2690; baseline -0.002 -10"><span class='ocrx_word' id='word_1_375' title='bbox 454 2647 548 2681; x_wconf 83' lang='lat' dir='ltr'>titats</span> <span class='ocrx_word' id='word_1_376' title='bbox 585 2647 708 2681; x_wconf 83' lang='lat' dir='ltr'>davers</span> <span class='ocrx_word' id='word_1_377' title='bbox 734 2646 776 2680; x_wconf 86' lang='lat' dir='ltr'>de</span> <span class='ocrx_word' id='word_1_378' title='bbox 814 2645 863 2680; x_wconf 86' lang='lat' dir='ltr'>les</span> <span class='ocrx_word' id='word_1_379' title='bbox 895 2648 1005 2690; x_wconf 66' lang='lat' dir='ltr'>gents,</span> <span class='ocrx_word' id='word_1_380' title='bbox 1046 2657 1112 2690; x_wconf 88' lang='lat' dir='ltr'>que</span> <span class='ocrx_word' id='word_1_381' title='bbox 1149 2648 1271 2680; x_wconf 86' lang='lat' dir='ltr'>munta</span> <span class='ocrx_word' id='word_1_382' title='bbox 1307 2657 1326 2680; x_wconf 90' lang='grc'>3</span> <span class='ocrx_word' id='word_1_383' title='bbox 1352 2648 1431 2680; x_wconf 85' lang='lat' dir='ltr'>cent</span> <span class='ocrx_word' id='word_1_384' title='bbox 1456 2645 1594 2680; x_wconf 81' lang='lat' dir='ltr'>LXXX</span> <span class='ocrx_word' id='word_1_385' title='bbox 1632 2644 1715 2679; x_wconf 88' lang='lat' dir='ltr'>mill.</span> <span class='ocrx_word' id='word_1_386' title='bbox 1742 2644 1802 2679; x_wconf 81' lang='lat' dir='ltr'>sol.</span> <span class='ocrx_word' id='word_1_387' title='bbox 1835 2655 1853 2678; x_wconf 91' lang='lat'>0</span> <span class='ocrx_word' id='word_1_388' title='bbox 1879 2655 1953 2688; x_wconf 80' lang='lat' dir='ltr'>pus,</span> <span class='ocrx_word' id='word_1_389' title='bbox 2003 2644 2075 2678; x_wconf 90' lang='lat' dir='ltr'>Der</span> 
     </span>
     <span class='ocr_line' id='line_1_37' title="bbox 451 2702 1768 2750; baseline -0.002 -11"><span class='ocrx_word' id='word_1_390' title='bbox 451 2705 569 2750; x_wconf 84' lang='lat' dir='ltr'>K&#39;onig</span> <span class='ocrx_word' id='word_1_391' title='bbox 594 2704 678 2739; x_wconf 89' lang='lat' dir='ltr'>solle</span> <span class='ocrx_word' id='word_1_392' title='bbox 703 2705 764 2739; x_wconf 88' lang='lat' dir='ltr'>ihn</span> <span class='ocrx_word' id='word_1_393' title='bbox 789 2704 936 2738; x_wconf 82' lang='lat' dir='ltr'>richten.</span> <span class='ocrx_word' id='word_1_394' title='bbox 987 2704 1068 2738; x_wconf 85' lang='lat' dir='ltr'>Also</span> <span class='ocrx_word' id='word_1_395' title='bbox 1094 2705 1150 2739; x_wconf 88' lang='lat' dir='ltr'>ein</span> <span class='ocrx_word' id='word_1_396' title='bbox 1175 2705 1364 2739; x_wconf 81' lang='lat' dir='ltr'>Bankerott</span> <span class='ocrx_word' id='word_1_397' title='bbox 1389 2716 1457 2739; x_wconf 73' lang='lat' dir='ltr'>von</span> <span class='ocrx_word' id='word_1_398' title='bbox 1485 2704 1629 2739; x_wconf 83' lang='lat'>180000</span> <span class='ocrx_word' id='word_1_399' title='bbox 1653 2702 1768 2738; x_wconf 82' lang='lat' dir='ltr'>solidi!</span> 
     </span>
    </p>
   </div>
   <div class='ocr_carea' id='block_1_4' title="bbox 594 2774 1722 2820">
    <p class='ocr_par' dir='ltr' id='par_1_4' title="bbox 594 2774 1722 2820">
     <span class='ocr_line' id='line_1_38' title="bbox 594 2774 1722 2820; baseline -0.003 -10"><span class='ocrx_word' id='word_1_400' title='bbox 594 2778 623 2820; x_wconf 85' lang='lat' dir='ltr'>a)</span> <span class='ocrx_word' id='word_1_401' title='bbox 648 2776 721 2810; x_wconf 91' lang='lat' dir='ltr'>Der</span> <span class='ocrx_word' id='word_1_402' title='bbox 745 2775 830 2810; x_wconf 87' lang='lat' dir='ltr'>Sinn</span> <span class='ocrx_word' id='word_1_403' title='bbox 855 2774 900 2808; x_wconf 85' lang='lat' dir='ltr'>ist</span> <span class='ocrx_word' id='word_1_404' title='bbox 926 2775 1135 2813; x_wconf 82' lang='lat' dir='ltr'>erkennbar;</span> <span class='ocrx_word' id='word_1_405' title='bbox 1161 2775 1238 2810; x_wconf 84' lang='lat' dir='ltr'>hier</span> <span class='ocrx_word' id='word_1_406' title='bbox 1263 2776 1334 2810; x_wconf 81' lang='lat' dir='ltr'>fast</span> <span class='ocrx_word' id='word_1_407' title='bbox 1358 2774 1440 2809; x_wconf 83' lang='lat' dir='ltr'>alles</span> <span class='ocrx_word' id='word_1_408' title='bbox 1466 2774 1722 2809; x_wconf 78' lang='lat' dir='ltr'>durchlochert.</span> 
     </span>
    </p>
   </div>
   <div class='ocr_carea' id='block_1_5' title="bbox 447 2902 2073 3066">
    <p class='ocr_par' dir='ltr' id='par_1_5' title="bbox 447 2902 2073 3066">
     <span class='ocr_line' id='line_1_39' title="bbox 598 2902 2073 2948; baseline -0.003 -10"><span class='ocrx_word' id='word_1_409' title='bbox 598 2904 623 2948; x_wconf 87' lang='lat'>¹)</span> <span class='ocrx_word' id='word_1_410' title='bbox 649 2904 814 2939; x_wconf 81' lang='lat' dir='ltr'>Erinnert</span> <span class='ocrx_word' id='word_1_411' title='bbox 844 2904 934 2938; x_wconf 89' lang='lat' dir='ltr'>noch</span> <span class='ocrx_word' id='word_1_412' title='bbox 959 2914 1003 2938; x_wconf 86' lang='grc'>311</span> <span class='ocrx_word' id='word_1_413' title='bbox 1028 2904 1082 2938; x_wconf 86' lang='lat' dir='ltr'>die</span> <span class='ocrx_word' id='word_1_414' title='bbox 1109 2904 1371 2939; x_wconf 76' lang='lat' dir='ltr'>constitutiones</span> <span class='ocrx_word' id='word_1_415' title='bbox 1398 2905 1517 2938; x_wconf 85' lang='lat' dir='ltr'>contra</span> <span class='ocrx_word' id='word_1_416' title='bbox 1547 2904 1701 2946; x_wconf 83' lang='lat' dir='ltr'>raptores</span> <span class='ocrx_word' id='word_1_417' title='bbox 1728 2905 1762 2936; x_wconf 89' lang='lat' dir='ltr'>et</span> <span class='ocrx_word' id='word_1_418' title='bbox 1786 2902 1963 2936; x_wconf 77' lang='lat' dir='ltr'>invasores</span> <span class='ocrx_word' id='word_1_419' title='bbox 1995 2912 2073 2945; x_wconf 87' lang='lat' dir='ltr'>per-</span> 
     </span>
     <span class='ocr_line' id='line_1_40' title="bbox 456 2960 2073 2998; baseline -0.002 -1"><span class='ocrx_word' id='word_1_420' title='bbox 456 2974 617 2998; x_wconf 86' lang='lat' dir='ltr'>sonarum</span> <span class='ocrx_word' id='word_1_421' title='bbox 656 2962 970 2997; x_wconf 82' lang='lat' dir='ltr'>ecclesiasticarum</span> <span class='ocrx_word' id='word_1_422' title='bbox 1007 2966 1041 2997; x_wconf 83' lang='lat' dir='ltr'>et</span> <span class='ocrx_word' id='word_1_423' title='bbox 1079 2963 1248 2997; x_wconf 86' lang='lat' dir='ltr'>bonorum</span> <span class='ocrx_word' id='word_1_424' title='bbox 1285 2963 1356 2997; x_wconf 90' lang='lat' dir='ltr'>und</span> <span class='ocrx_word' id='word_1_425' title='bbox 1392 2963 1468 2996; x_wconf 83' lang='grc'>11116</span> <span class='ocrx_word' id='word_1_426' title='bbox 1492 2960 1844 2996; x_wconf 83' lang='lat' dir='ltr'>Unannehmlichkeit</span> <span class='ocrx_word' id='word_1_427' title='bbox 1883 2960 1943 2994; x_wconf 77' lang='lat' dir='ltr'>fiir</span> <span class='ocrx_word' id='word_1_428' title='bbox 1979 2960 2073 2994; x_wconf 80' lang='lat' dir='ltr'>scine</span> 
     </span>
     <span class='ocr_line' id='line_1_41' title="bbox 447 3021 1123 3066; baseline 0 -9"><span class='ocrx_word' id='word_1_429' title='bbox 447 3021 632 3064; x_wconf 64' lang='lat' dir='ltr'>«Offiziale3</span> <span class='ocrx_word' id='word_1_430' title='bbox 658 3021 759 3056; x_wconf 82' lang='lat' dir='ltr'>bittet</span> <span class='ocrx_word' id='word_1_431' title='bbox 783 3033 843 3056; x_wconf 84' lang='lat' dir='ltr'>um</span> <span class='ocrx_word' id='word_1_432' title='bbox 869 3021 1123 3066; x_wconf 79' lang='lat' dir='ltr'>Abschaffung.</span> 
     </span>
    </p>
   </div>
  </div>
 </body>
</html>
