2296 3512
1114 259 1430 300 —868—

462 387 585 429 fldeli
618 421 626 429 .
662 421 671 428 .
707 421 714 428 .
753 386 1015 442 iurisperito
1053 387 1270 430 Tirasone
1308 386 1500 429 salutem
1541 390 1583 429 et
1625 387 1838 442 graciam.
1909 386 2083 428 Humili

463 457 761 514 suplicatione
784 470 866 513 pro
893 460 1024 512 parte
1047 457 1211 513 Zaraig
1233 459 1287 500 de
1309 458 1500 500 Valeros
1523 456 1762 500 Sarraceni
1784 457 1992 499 tinctoris
2014 491 2021 499 .
2043 491 2051 498 .
2072 490 2080 498 .

464 528 664 570 exhibita
695 528 782 570 fuit
814 540 968 569 coram
999 528 1129 571 nobis
1173 529 1429 584 expositum
1468 529 1794 584 conquerendo,
1831 528 1950 583 quod
1981 528 2080 583 ipso

463 599 627 655 Zaraig
666 601 820 641 utente
868 598 1016 640 officio
1064 599 1331 641 tincturarie
1373 599 1488 642 dicte
1528 599 1725 642 civitatis
1765 599 1949 653 quidam
1984 632 1992 638 .
2028 632 2036 638 .
2072 631 2080 638 .

464 670 580 712 dicte
618 669 816 712 civitatis
850 672 1036 713 vocatus
1079 670 1178 711 Don
1224 670 1377 711 Bueno
1423 673 1466 711 et
1512 670 1607 713 eius
1650 683 1766 711 uxor
1809 682 1890 725 per
1938 672 2082 710 artem

461 741 687 796 magicam
740 740 1111 795 impedimentum
1167 741 1386 782 dederunt
1433 740 1550 783 dicte
1595 740 1860 783 tincturarie
1908 739 2081 790 taliter,

464 812 583 867 quod
616 811 762 853 dictus
803 811 1064 866 supplicans
1103 824 1192 853 3011
1231 815 1382 867 potest
1420 812 1486 853 uti
1525 824 1605 853 suo
1638 811 1787 853 officio
1820 809 2081 866 supradicto

464 896 547 924 nec
579 882 774 924 calderie
804 881 948 937 ipsius
981 881 1118 924 officii
1150 886 1341 937 possunt
1374 883 1621 936 decoquere
1652 895 1733 923 nec
1764 881 1882 936 ignis
1910 881 2082 932 ardere,

462 956 514 995 ut
547 952 767 995 asseritur
798 966 879 1008 per
903 953 1104 1005 eundem,
1139 953 1256 1007 quod
1286 953 1508 994 redundat
1528 953 1575 994 in
1601 966 1829 1008 magnum,
1854 954 1903 994 ut
1924 951 2082 1003 fertur,

468 1025 715 1079 dampnum
743 1023 1054 1078 suffissicantis.
1083 1022 1234 1075 Quare
1257 1023 1341 1064 fuit
1359 1023 1488 1065 nobis
1511 1023 1742 1065 humiliter
1764 1023 2082 1078 supplicatum,

461 1098 513 1137 ut
553 1108 689 1150 super
727 1094 943 1150 predictis
984 1095 1247 1136 deberemus
1287 1095 1533 1136 secundum
1571 1094 1794 1136 iustitiam
1830 1093 2081 1149 providere.

461 1166 554 1208 Nos
581 1199 588 1206 .
618 1199 624 1206 .
655 1199 662 1206 .
691 1165 816 1207 vobis
845 1164 1181 1215 committimus,
1218 1199 1224 1205 .
1257 1200 1263 1204 .
1289 1199 1296 1205 .
1332 1168 1554 1218 quatenus
1589 1198 1596 1205 .
1633 1199 1640 1205 .
1677 1199 1684 1205 .
1718 1164 1957 1206 veritatem
1984 1163 2084 1205 dili-

462 1235 725 1292 gentissime
757 1235 999 1290 inquiratis
1033 1238 1077 1276 et
1108 1236 1254 1290 ipsam
1287 1235 1625 1290 inquisitionem
1660 1269 1667 1276 .
1703 1268 1711 1276 .
1747 1269 1754 1276 .
1791 1235 1848 1276 ad
1880 1237 2084 1276 nostram

464 1306 636 1348 curiam
680 1306 783 1348 ilico
828 1305 1167 1358 transmittatis,
1214 1306 1427 1360 quoniam
1472 1318 1553 1347 nos
1598 1305 1802 1361 predicta
1842 1305 1888 1346 in
1929 1308 2082 1347 nostro

463 1376 650 1419 consilio
681 1376 919 1419 terminari
953 1376 1159 1419 volumus
1193 1380 1237 1418 et
1270 1376 1424 1418 decidi.
1488 1377 1591 1418 Dat.
1626 1375 1959 1432 Cesarauguste
1991 1376 2083 1431 pri-

462 1448 534 1490 die
550 1460 693 1489 nonas
711 1447 920 1490 Octobris
934 1460 1050 1489 anno
1071 1447 1241 1488 domini
1254 1447 1497 1490 millesimo
1514 1446 1656 1490 CCCO.
1679 1447 1892 1489 vicesimo
1912 1446 2081 1501 quinto.

605 1520 678 1551 Aus
695 1517 809 1551 einem
828 1517 954 1551 Album
972 1517 1035 1550 mit
1054 1517 1242 1551 modernen
1260 1517 1405 1560 Kopien.
1444 1518 1514 1551 Das
1532 1517 1590 1553 Or.
1616 1517 1706 1551 habe
1732 1517 1789 1551 1011
1806 1517 1903 1551 nicht
1920 1517 2083 1561 gesehen.

602 1576 685 1620 Reg.
712 1575 783 1610 240
808 1576 870 1619 (ΙΙ)
902 1576 926 1612 f.
954 1575 1059 1612 QIOV.
1116 1576 1230 1620 Konig
1266 1587 1311 1609 33
1349 1576 1493 1610 Bischof
1530 1576 1701 1610 Raimund
1741 1587 1808 1610 von
1844 1574 1969 1619 Urgel:
2020 1574 2084 1609 soll

460 1635 621 1669 Kleriker
646 1635 716 1668 und
742 1635 849 1669 Laien
873 1635 1068 1670 bestrafen.
1096 1635 1150 1668 die
1177 1635 1253 1668 eine
1279 1635 1370 1669 Frau
1395 1635 1575 1669 cuiusdam
1600 1635 1816 1679 dampnande
1843 1634 1974 1679 magice
2000 1634 2083 1668 artis

460 1694 630 1738 suffragio
657 1704 832 1737 zwangen,
860 1694 965 1727 ihnen
985 1705 1027 1727 zu
1045 1693 1176 1728 Willen
1194 1705 1237 1728 zu
1255 1694 1339 1729 sein.
1381 1694 1664 1728 Exhumaverant
1681 1694 1917 1728 inhumaniter
1934 1694 2084 1728 cadaver

460 1753 641 1787 cuiusdam
667 1752 855 1797 impuberis
880 1755 963 1787 tunc
990 1756 1150 1787 recenter
1167 1752 1293 1797 sepulti
1311 1756 1346 1787 et
1363 1752 1447 1787 illud
1464 1752 1685 1787 membratim
1702 1753 1917 1787 laniaverant
1934 1753 2082 1796 quedam

461 1811 535 1846 eius
572 1811 729 1845 membra
765 1822 883 1846 secum
921 1812 962 1845 ad
1008 1812 1164 1855 predicte
1210 1812 1478 1856 [dampnandeP]
1518 1812 1601 1846 31113
1639 1812 1834 1846 misten'um
1866 1812 2082 1847 defferendO.

460 1871 567 1915 (1313
593 1869 692 1914 April
719 1870 788 1909 16.)

603 1930 685 1973 Reg.
704 1929 774 1964 248
799 1930 861 1973 (H)
880 1930 905 1965 f.
926 1931 1033 1964 134v.
1082 1930 1196 1974 Kenig
1221 1940 1265 1963 an
1290 1929 1441 1963 Kanzler
1466 1929 1639 1963 Raimund
1666 1940 1733 1963 von
1750 1929 1931 1963 Valencia:
1959 1930 2083 1964 Petrus

459 1988 636 2023 FTancisci
662 1989 704 2022 de
729 1989 859 2023 Xativa
885 1999 1044 2023 asserens
1070 2000 1107 2022 se
1133 1988 1320 2031 medicum,
1359 1989 1582 2024 denunziert,
1615 1989 1657 2021 de
1683 1999 1748 2022 usu
1773 1988 1906 2022 arcium
1930 1989 2083 2033 prohibi-

462 2049 577 2081 tarum
604 2049 638 2081 et
664 2048 705 2081 de
732 2047 903 2091 operibus,
931 2059 998 2092 que
1025 2050 1146 2082 contra
1171 2048 1281 2081 fidem
1307 2047 1512 2081 catholicam
1538 2047 1698 2084 faciebat.
1741 2047 1843 2093 Sagte
1860 2059 1923 2082 vor
1940 2048 2084 2082 Gericht

459 2116 533 2148 aus,
560 2117 599 2140 er
623 2106 712 2140 habe
730 2106 864 2140 Tonsur
890 2109 925 2140 et
957 2109 1031 2140 erat
1056 2107 1091 2140 13
1117 2106 1333 2150 possessione
1361 2106 1553 2141 clericatus.
1604 2106 1822 2141 Tatsachlich
1847 2107 1943 2141 hatte
1970 2118 2008 2140 er
2033 2108 2082 2141 sie

461 2165 590 2198 vorher
621 2165 736 2208 nicht,
769 2167 822 2199 set
852 2176 946 2199 nunc
972 2166 1095 2199 timore
1121 2165 1404 2199 denunciacionis
1429 2166 1584 2209 predicte
1610 2166 1735 2200 fecisse
1761 2166 1826 2200 sibi
1852 2166 1978 2200 dictam
2005 2167 2082 2199 ton·

462 2234 590 2257 suram.
640 2224 713 2258 Der
739 2223 884 2258 Bischof
909 2223 971 2258 soll
997 2225 1142 2268 priifen,
1176 2224 1246 2257 und
1272 2234 1374 2257 wenn
1397 2224 1498 2268 J'ener
1523 2224 1680 2259 wirklich
1704 2224 1874 2268 Kleriker,
1908 2225 2084 2268 vorgehen

465 2293 526 2326 pro
554 2282 686 2316 delictis
713 2285 747 2316 et
772 2282 964 2318 maleficiis.
1016 2283 1107 2318 1324
1132 2282 1231 2327 April
1256 2283 1313 2318 20.

460 2378 560 2420 547.
604 2378 883 2420 Erzbischof
909 2379 1195 2432 (Eximinus)
1243 2390 1330 2420 von
1371 2379 1641 2432 Tarragona
1683 2392 1740 2420 an
1772 2379 1983 2421 Bernard
2027 2379 2082 2421 de

465 2449 718 2491 Aversone:
752 2449 1284 2502 Zehntangelegenheit3
1324 2461 1376 2491 er
1419 2449 1518 2491 will
1555 2450 1712 2492 nichts
1745 2449 1826 2491 fiir
1857 2450 1955 2492 sich
1989 2449 2082 2491 und

460 2519 529 2561 ist
564 2520 681 2561 stets
713 2531 796 2561 zur
827 2518 1141 2564 Abi-echnunzr
1182 2521 1355 2571 hereit3
1401 2521 1534 2562 weiss
1566 2520 1722 2563 nichts
1757 2532 1841 2562 von
1874 2520 1962 2562 (len
1994 2520 2082 2562 Ab·

460 2590 751 2642 machungen
794 2589 878 2632 der
917 2590 1212 2644 papstlichen
1253 2591 1459 2644 Legaten
1507 2592 1595 2633 mit
1642 2591 1743 2633 dem
1777 2589 1951 2644 Kiinig3
1999 2592 2082 2633 hat

465 2659 666 2714 Auftrag
697 2672 800 2703 vom
834 2661 997 2713 Zehnt‚
1043 2661 1157 2703 7500
1188 2660 1263 2703 Pf.
1302 2661 1768 2714 zuriickzubehalten‚
1811 2662 1886 2703 (lie
1919 2661 2081 2703 Halfte

460 2743 551 2773 von
584 2731 668 2773 der
698 2731 909 2785 rorigen,
953 2731 1028 2773 die
1069 2731 1239 2773 andere
1280 2744 1368 2774 von
1401 2732 1483 2774 der
1514 2732 1927 2785 Pfingstkollekte3
1970 2733 2082 2774 aber

461 2812 515 2843 er
547 2801 637 2843 soll
670 2801 796 2843 diese
818 2801 1004 2845 Summe
1035 2803 1168 2844 nicht
1199 2816 1256 2844 au
1290 2803 1364 2844 (lie
1390 2803 1535 2845 Kurie
1567 2802 1751 2845 senden.
1813 2803 2081 2855 Tarragona

1043 2872 1193 2928 (1326)
1225 2874 1402 2917 Januar
1435 2873 1504 2915 22.

603 2953 796 2995 Domino
838 2954 1069 2995 Bernardo
1116 2956 1168 2996 de
1207 2956 1441 2998 Auersone
1487 2955 1630 2997 amico
1670 2967 1749 2997 suo
1797 2954 1982 3009 speciali
2027 2968 2079 2996 ex

460 3026 594 3078 parte
641 3024 965 3079 archiepiscopi
1011 3025 1369 3068 Terraconensis.
1440 3025 1594 3067 Habui
1639 3025 1836 3067 litteram
1880 3028 2078 3067 vestram
