2296 3512
926 244 1237 284 —653—

274 375 399 414 veret
450 386 530 427 per
582 375 789 427 tempora
839 371 1065 426 longiora!
1146 371 1250 413 Dat.
1302 372 1507 414 Ferrarie
1559 371 1630 414 die
1680 370 1889 413 XXVIII.

273 442 440 485 mensis
471 442 669 498 Augusti
700 444 806 497 post
835 441 1036 483 terciam.

413 522 504 558 CRD
530 525 595 566 Ap.
623 522 677 557 18.

272 656 371 696 412.
404 652 701 708 Raymundus
727 651 930 695 Athonis
964 651 1019 693 de
1045 650 1236 705 Aspello
1262 664 1319 693 an
1346 651 1555 694 Clemens
1580 653 1653 695 V.:
1686 652 1891 706 Austrag

271 724 351 766 des
382 723 817 776 Kardinallegaten,
850 723 930 764 (las
961 722 1146 764 Kastell
1177 723 1407 764 Mareamo
1439 735 1494 764 zu
1524 724 1721 765 nehmen
1731 737 1743 775 3
1776 724 1890 766 Aus-

270 794 481 848 fi'ihrung
512 794 591 836 des
623 793 836 844 Befehls3
882 793 1029 846 Bitte‚
1072 793 1274 834 Ferrara
1312 793 1556 846 geniigend
1594 806 1647 835 zu
1679 795 1887 846 sichern3
1929 832 1938 837 ,

271 865 547 918 gewaltiger
568 862 775 907 Schaden
803 863 886 905 der
909 864 1209 905 Venezianer.
1241 863 1471 905 Marcamo
1493 863 1646 917 (1309)
1669 862 1793 918 Sept.
1817 865 1888 907 25.

412 957 709 1001 Sanctissimo
741 957 788 999 in
815 956 996 999 Christo
1028 956 1151 1012 patri
1185 990 1192 997 .
1229 990 1236 997 .
1273 990 1280 998 .
1316 954 1538 998 Clementi
1571 969 1746 1000 summo
1778 971 1888 1014 pon-

268 1028 379 1071 tifici
420 1032 464 1071 et
511 1030 692 1072 domino
736 1042 817 1071 suo
859 1027 1238 1070 reverendissimo
1280 1027 1574 1082 Raymundus
1605 1029 1801 1072 Athonis
1835 1030 1888 1072 de

269 1099 457 1155 Aspello
489 1099 689 1142 fidelium
721 1102 980 1142 vestrorum
1012 1098 1239 1151 minimus,
1272 1098 1356 1140 Dei
1380 1101 1423 1140 et
1444 1098 1586 1141 vestri
1608 1099 1763 1154 gracia
1785 1113 1888 1155 pro-

269 1170 414 1212 vincie
454 1175 603 1213 vestre
644 1169 940 1213 Romandiole
982 1172 1132 1212 rector
1164 1170 1221 1211 ad
1252 1169 1417 1224 pedum
1450 1169 1606 1211 oscula
1637 1170 1886 1212 beatorum.

267 1241 301 1283 F
305 1242 547 1284 errariensi
586 1241 773 1297 negocio
816 1241 899 1282 Dei
940 1240 1109 1282 virtute
1150 1239 1342 1282 feliciter
1379 1239 1602 1295 expedito,
1635 1241 1887 1296 paternitas

266 1313 513 1354 reverenda
546 1312 717 1354 domini
747 1311 941 1354 Arnaldi
975 1345 982 1353 .
1020 1345 1026 1352 .
1064 1345 1071 1352 .
1105 1310 1246 1366 legati
1279 1311 1399 1366 apud
1430 1310 1688 1353 Ferrariam
1717 1312 1887 1367 specia-

266 1384 371 1426 liter
413 1383 550 1426 michi
593 1383 790 1425 iniunxit
829 1396 968 1438 supra
1001 1384 1201 1424 castrum
1234 1382 1463 1433 Marcabo,
1498 1381 1775 1424 edifficatum
1808 1396 1889 1437 per

266 1455 463 1497 Venetos
514 1454 560 1495 in
612 1453 845 1495 territorio
901 1452 1099 1495 civitatis
1156 1452 1435 1494 Rauennatis
1486 1452 1533 1494 in
1586 1452 1887 1508 preiudicium

266 1516 432 1568 5311016
454 1526 654 1567 Romane
697 1524 881 1567 ecclesie
922 1527 964 1566 et
996 1526 1146 1566 vestre
1177 1523 1408 1579 provincie
1440 1523 1750 1575 Romandiole,
1785 1537 1886 1566 con-

264 1596 418 1639 festim
477 1610 692 1651 magnum
753 1594 1002 1637 exercitum
1061 1607 1351 1650 congregare,
1412 1594 1459 1636 id
1523 1594 1617 1637 eius
1670 1596 1886 1637 mandato

265 1666 576 1709 Romandiolis
628 1666 798 1708 faciens
850 1664 1104 1719 hoffideria)
1160 1668 1202 1707 et
1255 1664 1461 1707 edifficiis
1514 1665 1608 1707 sive
1664 1666 1886 1708 machinis

264 1738 420 1780 multis
445 1741 487 1779 et
510 1737 700 1779 diversis
735 1737 944 1779 continue
971 1736 1208 1792 flagellari,
1237 1749 1512 1791 quamquam
1536 1736 1886 1792 inexpugnabile

268 1809 493 1851 videretur
524 1812 713 1864 propter
743 1808 909 1850 flumen
941 1808 1054 1849 Padi
1080 1810 1123 1849 et
1157 1807 1350 1848 aliarum
1382 1807 1599 1862 paludum
1633 1808 1883 1850 circuitum.

265 1880 319 1921 Et
360 1880 423 1922 sic
463 1879 721 1935 specialiter
760 1878 1000 1934 fidedignis
1047 1878 1297 1930 videbatur,
1349 1891 1659 1933 quemcunque
1700 1882 1884 1934 pontem

265 1949 310 1992 in
337 1950 527 1992 navibus
549 1950 647 1992 fieri
668 1950 906 1992 fecerimus
931 1963 1070 2005 supra
1101 1949 1288 1991 Padum.
1351 1949 1434 1990 Die
1456 1949 1646 1991 XXIIII.
1683 1947 1884 2004 Septem-

266 2021 359 2063 bris
393 2026 592 2063 castrum
625 2021 840 2063 Marcabo
882 2020 1022 2063 salvis
1063 2020 1269 2075 personis
1310 2020 1661 2062 intrinsecorum
1694 2020 1882 2075 pedibus

266 2095 414 2133 vestre
458 2092 714 2135 sanctitatis
760 2091 931 2147 subegi,
977 2092 1031 2133 de
1078 2091 1288 2133 manibus
1340 2090 1540 2133 liberans
1592 2091 1881 2132 Venetorum.

265 2162 416 2214 Quare
450 2176 549 2204 cum
581 2163 664 2204 hoc
696 2162 1020 2205 miraculosum
1048 2162 1266 2204 reddatur
1296 2162 1343 2203 111
1375 2161 1596 2217 partibus,
1630 2165 1724 2204 tam
1756 2162 1884 2203 brevi

265 2239 467 2288 tempore
509 2236 578 2274 tot
619 2236 661 2275 et
702 2233 818 2276 tales
860 2232 1136 2275 fortaliciasb
1168 2232 1410 2275 victoriose
1443 2236 1592 2275 vestre
1624 2232 1882 2275 sanctitatis

264 2304 454 2359 pedibus
478 2304 734 2358 subiugare,
764 2304 966 2359 supplico
1000 2307 1259 2345 reverenter
1291 2303 1541 2356 devotione,
1570 2317 1660 2358 qua
1681 2316 1881 2359 possum,

265 2378 485 2429 quatenus
539 2373 769 2416 civitatem
819 2374 1188 2430 Ferr[ariensem]
1245 2374 1465 2417 sanctitas
1520 2377 1674 2416 vestra
1728 2374 1883 2416 taliter

263 2445 521 2501 premunire
555 2444 777 2500 dignetur,
812 2446 931 2500 quod
962 2446 1092 2488 vobis
1126 2448 1169 2487 et
1203 2445 1386 2488 ecclesie
1425 2446 1625 2487 Romane
1663 2445 1882 2487 reddatur

263 2517 428 2558 devota
456 2515 501 2557 in
533 2514 731 2557 futurum
768 2520 812 2557 et
843 2515 1098 2558 infidelibus
1122 2517 1176 2559 de
1200 2529 1249 2558 eo
1275 2516 1503 2571 [toll]atur
1527 2516 1732 2567 materia,
1762 2516 1881 2570 quod

262 2589 542 2642 presumunt.
590 2585 790 2629 Scientes
812 2587 996 2642 insuper
1025 2601 1106 2642 per
1132 2587 1390 2630 huiusmodi
1414 2587 1553 2630 castri
1582 2587 1877 2642 cap[cionem]

263 2658 458 2699 Venetos
513 2655 857 2712 dampnificatos
904 2671 1000 2699 esse
1050 2658 1143 2700 fere
1186 2658 1230 2700 in
1278 2658 1427 2700 media
1473 2661 1604 2713 parte
1650 2657 1878 2699 fructuum

262 2742 438 2770 camere
463 2727 856 2783 [Fer]r[ariensis‘?]
883 2728 1095 2781 civitatis,
1120 2729 1235 2771 sicut
1264 2729 1309 2771 in
1341 2729 1442 2771 istis
1470 2729 1677 2784 partibus
1700 2728 1879 2783 vulgari

262 2813 468 2842 sermone
501 2798 731 2841 asseritur.
795 2799 886 2840 Nec
926 2798 971 2839 in
1015 2798 1152 2854 al[iis]
1194 2800 1304 2843 locis
1344 2800 1407 2842 eis
1440 2799 1654 2842 subiectis
1688 2812 1763 2841 eos
1794 2811 1876 2853 pro

261 2884 394 2926 posse
438 2870 587 2912 ledere
635 2871 678 2910 et
725 2869 1047 2924 dampnificare
1092 2871 1292 2922 cessabO,
1338 2872 1476 2912 (101160
1521 2869 1674 2920 velint,
1719 2869 1876 2920 nolint,

262 2940 518 2983 sanctitatis
548 2942 695 2982 vestre
717 2940 906 2995 pedibus
930 2939 1046 2981 colla
1078 2941 1346 2983 submittant
1382 2944 1425 2982 et
1457 2953 1689 2996 quousque
1721 2953 1800 2982 vos
1834 2941 1877 2980 et

402 3024 430 3066 a)
457 3022 575 3056 Heisst
600 3021 690 3055 wohl
717 3021 888 3065 belagern.
966 3021 995 3064 b)
1021 3020 1064 3055 So
1092 3021 1210 3065 Kopie.
