2296 3512
998 287 1318 328 —860—

348 415 482 457 tastis
512 415 655 457 nobis.
718 415 844 456 Inter
876 415 995 469 quod
1026 414 1314 458 meminimus
1347 428 1481 469 super
1513 428 1563 457 eo
1599 415 1831 459 vobiscum
1863 428 1974 457 con-

347 485 506 528 tulisse
549 488 592 527 et
635 486 852 527 adversus
889 498 970 527 vos
1003 485 1157 541 aliqua
1188 487 1328 528 verba
1360 485 1677 541 redargutoria
1708 485 1966 541 protulisse,

346 568 516 611 vosque
560 555 690 599 nobis
736 556 963 610 dixistisa)
999 589 1007 597 .
1035 589 1077 598 ..
1114 556 1226 599 alios
1260 558 1313 599 de
1355 556 1579 599 similibus
1611 556 1867 612 inculpatos
1898 570 1967 598 re-

345 626 532 681 perisse,
557 629 625 668 set
652 627 771 681 quod
804 629 958 669 vestra
991 630 1088 668 erat
1113 627 1324 680 intencio,
1359 628 1491 683 quod,
1524 627 1563 670 si
1586 627 1727 669 eciam
1751 628 1977 670 adversus-

347 709 422 739 eos
444 697 672 739 haberetis
694 697 950 751 procedere,
973 710 1055 739 nos
1077 697 1180 740 inde
1199 698 1494 741 consuleretis
1506 697 1542 752 b)
1569 731 1576 739 .
1602 732 1610 739 .
1637 732 1644 739 .
1669 697 1966 752 percepimus,

347 768 465 822 quod
499 768 717 810 adversus
751 767 928 823 aliquos
959 768 1128 810 Judeos
1160 768 1305 810 Ilerde
1337 768 1583 824 proceditis
1617 767 1833 823 capiendo
1865 781 1967 822 per-

345 849 480 880 sonas
523 840 565 879 et
592 838 719 890 alias,
767 851 856 894 qua
888 838 1125 881 occasione
1157 839 1309 893 plures
1341 839 1572 893 perterriti
1603 838 1846 894 fugierunt.
1908 839 1977 881 Et-

344 907 566 963 siquidem
589 909 673 951 hoc
704 908 843 950 nichil
876 909 998 951 aliud
1031 912 1112 962 est,
1145 909 1233 952 nisi
1266 910 1385 964 quod
1413 910 1496 951 sub
1519 909 1740 951 velamine
1764 908 1965 951 criminis

342 979 514 1022 heresis
554 982 713 1022 nostra
755 979 988 1022 intenditis
1029 980 1259 1022 destruere
1292 979 1437 1033 iuraa)
1471 1012 1481 1021 .
1516 1013 1525 1022 .
1559 1013 1567 1021 .
1602 979 1868 1022 Potuissetis
1903 982 1975 1021 et·-

345 1050 463 1091 6111111
499 1050 669 1105 absque
700 1050 846 1092 multa
869 1050 928 1104 (P)
951 1049 1133 1103 lesione,
1164 1053 1405 1105 antequam
1430 1051 1487 1092 ad
1509 1051 1593 1092 1106
1613 1050 1968 1104 processissetis,

342 1119 444 1162 inde
477 1120 607 1163 nobis
640 1121 855 1176 predictis
888 1121 1057 1164 nostris
1079 1121 1433 1175 obtemperando
1459 1120 1748 1175 [mandatis‘?]
1779 1121 1965 1162 verbum

341 1189 502 1233 facere.
578 1191 719 1233 Nobis
763 1192 968 1234 consulto
1001 1204 1240 1246 processus
1273 1191 1370 1245 ipse
1402 1190 1626 1233 maturius
1660 1194 1703 1232 et
1735 1191 1964 1234 decentius

343 1265 385 1303 et
432 1263 604 1317 absque
643 1262 858 1304 scandalo
903 1262 1001 1304 fieri
1044 1261 1280 1316 potuisset.
1354 1260 1517 1317 Sicque
1559 1274 1641 1316 pro
1680 1261 1796 1303 bono
1828 1262 1964 1304 habe-

341 1346 508 1385 remus,
552 1335 617 1385 ut,
651 1338 895 1388 antequam
927 1333 972 1374 in
1004 1332 1239 1387 premissis
1271 1332 1461 1375 ulterius
1493 1332 1811 1387 procederetis,
1843 1332 1973 1375 veni-—

341 1403 450 1445 retis
500 1403 557 1445 ad
603 1416 707 1455 nos,
757 1406 979 1458 quatenus
1011 1416 1094 1445 nos
1127 1404 1180 1445 de
1215 1403 1404 1445 veritate
1435 1403 1611 1459 negocii
1641 1402 1970 1445 informaretis„

339 1474 536 1529 Nosque,
580 1476 631 1516 ut
680 1474 959 1528 prediximus
1006 1473 1148 1527 vobis,
1197 1487 1374 1515 omnem
1421 1473 1624 1516 favorem
1656 1474 1961 1528 preberemus,

339 1557 420 1599 per
458 1558 589 1599 quem
631 1544 816 1598 possitis
857 1544 997 1586 libere
1039 1545 1282 1599 procedere
1320 1544 1365 1586 in
1398 1544 1625 1599 predictis.
1688 1544 1745 1586 Et
1778 1544 1843 1588 sic
1874 1557 1964 1586 non

340 1615 506 1657 dabitis
540 1615 836 1668 occasionem,
877 1616 996 1670 quod
1028 1617 1183 1657 nostre
1213 1615 1401 1657 Judarie
1433 1616 1603 1670 absque
1637 1628 1774 1658 causa
1806 1614 1970 1657 taliter*

340 1686 676 1728 destruhantur.
757 1686 860 1728 Dat.
900 1686 1183 1728 Barchinone
1226 1687 1281 1727 X.
1318 1685 1536 1729 kalendas
1580 1686 1790 1728 Octobris
1845 1697 1970 1728 anno

339 1757 509 1798 domini
542 1754 702 1799 MCCG
733 1756 885 1799 tercio.

480 1838 562 1882 Reg.
589 1838 658 1872 248
683 1838 710 1872 f.
734 1838 790 1873 28.

340 1982 439 2023 541.
470 1981 632 2036 Jayme
664 1982 731 2024 II.
780 1994 837 2023 an
884 1981 1044 2023 seinen
1091 1979 1216 2023 Sohn
1259 1981 1509 2032 Johannes,
1553 1980 1834 2023 Erzbischof
1872 1992 1961 2023 von

336 2050 529 2093 Toledo:
577 2052 850 2105 Vorschlag,
897 2052 998 2094 sich
1030 2064 1112 2093 zur
1142 2051 1246 2093 Zeit
1278 2050 1358 2094 des
1389 2051 1840 2094 Provinzialkonzils
1872 2063 1960 2095 von

335 2121 620 2175 Tarragona,
648 2122 728 2164 das
746 2135 826 2164 zur
843 2122 1216 2175 Untersti'ltzung
1232 2121 1315 2163 der
1333 2121 1655 2164 sardinischen
1672 2121 1967 2175 Angelegen-

336 2192 437 2234 heit
468 2193 748 2245 abgehalten
779 2192 911 2245 wil-d,
952 2194 1002 2234 in
1035 2192 1118 2234 der
1151 2191 1338 2245 Gegend
1374 2204 1464 2235 von
1494 2192 1764 2246 'Pari-agona
1803 2192 1967 2234 authu·-

336 2262 511 2316 halten,
544 2262 665 2305 (lann
688 2263 768 2305 das
791 2263 959 2306 Konzil
991 2275 1047 2304 zu
1078 2263 1309 2305 besuchen
1340 2262 1434 2304 und
1461 2262 1570 2305 (lert
1590 2263 1671 2305 fiir
1693 2263 1780 2305 den
1801 2262 1959 2316 Kiinig

336 2345 390 2374 zu
422 2333 614 2375 wirken.
675 2334 763 2376 Die
794 2332 1015 2377 Bischiife
1052 2333 1236 2375 werden
1280 2334 1381 2375 sich
1424 2334 1540 2375 iiber
1583 2335 1743 2376 seinen
1775 2334 1959 2376 Besuch

334 2403 514 2457 freuen,
562 2405 730 2447 ebenso
772 2404 855 2446 der
895 2402 1065 2457 Kiinig,
1112 2403 1200 2446 (1611
1240 2415 1293 2446 61·
1333 2403 1442 2446 (lert
1474 2404 1588 2446 oder
1618 2405 1668 2446 in
1699 2405 1958 2447 Barcelona

566 2475 707 2517 sehen
739 2474 872 2517 wird.
934 2474 1193 2516 Bai-celena
1226 2474 1338 2516 1323
1370 2474 1625 2517 December
1657 2474 1726 2517 12.

474 2568 740 2622 Recepimus
787 2568 1005 2610 litterani
1048 2568 1234 2622 propria
1282 2580 1420 2610 manu
1473 2568 1690 2623 scriptam
1733 2582 1814 2624 per
1853 2569 1956 2612 reli-

335 2638 512 2693 giosum
552 2638 743 2681 fratrem
787 2639 1002 2681 Poncium
1045 2637 1302 2681 Carbonelli
1348 2640 1401 2680 de
1443 2639 1599 2681 ordine
1638 2639 1866 2682 Minorum
1908 2639 1955 2681 in

333 2708 503 2752 nostris
551 2709 762 2752 manibus
808 2708 1087 2764 resignatam
1144 2743 1152 2751 .
1188 2744 1194 2750 .
1226 2743 1233 2751 .
1267 2709 1438 2751 Littere
1488 2743 1495 2750 .
1527 2743 1535 2751 .
1568 2743 1575 2751 .
1625 2710 1954 2752 continenciam

335 2778 469 2821 simul
511 2793 611 2822 cum
651 2780 774 2833 aliis,
821 2794 905 2836 que
948 2780 1095 2823 dictus
1136 2780 1280 2822 frater
1320 2779 1513 2822 Poncius
1554 2780 1685 2823 nobis
1731 2794 1784 2822 ex
1824 2783 1962 2834 partev

334 2853 487 2892 vestra
529 2849 699 2893 referre
731 2851 894 2903 voluit,
935 2850 1063 2905 plene
1098 2850 1362 2905 collegimus
1397 2883 1404 2891 .
1431 2883 1473 2891 ..
1508 2850 1727 2893 Visitacio
1760 2851 1880 2905 ipsa,
1913 2850 1954 2892 si

332 2920 418 2962 hoc
449 2923 599 2962 tamen
633 2924 781 2964 status
813 2934 1004 2975 persone
1026 2924 1175 2963 vestre
1198 2921 1418 2976 paciatur,
1452 2920 1627 2963 utiliter
1650 2921 1747 2963 fieri
1769 2921 1951 2975 poterit.

333 2992 449 3033 Nam
493 2993 764 3035 reverendus
802 2992 1179 3035 Terrachonensis
1218 2991 1583 3046 archiepiscopus
1623 2994 1959 3034 convocaturus-

402 3061 456 3087 54⁰
475 3062 504 3105 a)
530 3061 620 3095 Zwei
648 3061 789 3095 W‘orter
813 3061 932 3095 fehlen
956 3061 1043 3095 hier.
1124 3062 1153 3106 b)
1178 3062 1262 3096 Drei
1288 3062 1430 3096 Werter
1456 3061 1586 3097 fehlen.
