2296 3512
866 221 1185 262 —563—

356 353 469 393 Item
504 351 623 406 quod
657 362 704 392 se
736 363 826 392 non
858 348 1133 391 intromittet
1160 349 1312 404 aliquo
1336 351 1554 404 tempore,
1587 347 1680 390 ullo
1702 348 1837 390 modo

217 424 270 465 de
302 422 485 464 civitate
516 420 724 462 Pisarum
757 419 846 461 nisi
877 419 924 460 in
955 418 1163 460 faciendo
1213 418 1252 460 ei
1299 432 1525 474 guerram,
1572 432 1653 460 nec
1689 417 1838 474 ipsam

216 493 447 536 civitatem
471 492 553 533 sub
577 503 659 532 suo
683 489 898 542 dominio,
922 488 1280 544 accomandigia,
1303 490 1597 544 protectione,
1619 488 1839 545 regimine

216 564 286 606 vel
318 560 710 605 administratione
741 559 930 615 recipiet
962 572 1045 601 nec
1076 558 1170 601 ullo
1203 559 1292 601 alio
1312 561 1447 601 modo
1470 559 1582 603 iuris
1608 560 1679 602 vel
1702 572 1840 602 causa

216 649 263 678 se
296 634 349 675 de
379 632 481 688 ipsa
512 631 787 674 intromittet
817 630 907 673 nisi
938 632 1157 685 tanquam
1191 629 1284 671 eius
1317 629 1539 673 inimicus.

353 716 469 757 Item
512 715 632 770 quod
673 713 870 756 firmatis
911 712 982 755 his
1025 711 1173 768 pactis
1219 713 1520 754 cassabuntur
1568 712 1660 754 alia
1704 715 1840 768 pacta

216 787 324 830 olim
376 786 490 827 inita
542 785 662 826 inter
726 797 914 826 comune
975 783 1202 826 Florentio
1267 785 1310 824 et
1377 783 1545 825 dictum
1604 784 1840 826 dominum

214 871 380 913 regem.

355 928 470 970 Item
503 927 623 982 quod
654 925 972 981 procuraturss)
1004 924 1103 981 ipse
1134 937 1215 966 rex
1248 926 1529 979 possetenus‚
1553 924 1673 979 quod
1698 923 1840 967 refor-

214 1002 362 1041 metur
411 1011 501 1053 pax
557 997 629 1039 vel
681 996 762 1038 fiat
815 998 977 1051 tregua
1031 995 1152 1037 inter
1205 994 1544 1037 serenissimum
1590 994 1840 1051 principem

215 1069 446 1112 dominum
478 1068 727 1110 Robertum
759 1067 844 1109 Dei
885 1066 1036 1122 gratia
1066 1066 1315 1108 Ierusalem
1349 1068 1393 1107 et
1419 1064 1570 1107 Sicilie
1600 1078 1755 1120 regem
1789 1079 1841 1107 ex

213 1142 344 1196 parte
376 1153 468 1182 una
500 1142 543 1181 et
575 1138 807 1181 dominum
839 1137 1159 1179 Frederichum
1194 1150 1247 1178 ex
1278 1138 1410 1192 parte
1444 1136 1601 1178 altera.

354 1223 469 1264 Item
517 1222 763 1277 suspendet
811 1222 854 1262 et
907 1219 1123 1275 suspendi
1170 1218 1308 1261 faciet
1349 1232 1504 1261 omnes
1536 1217 1842 1274 represallias,

215 1307 328 1349 quas
369 1293 467 1349 ipse
517 1293 589 1334 vel
633 1292 703 1334 sui
740 1291 967 1347 regnicole
1000 1291 1171 1333 habent
1204 1292 1363 1332 contra
1396 1302 1583 1332 comune
1616 1288 1844 1332 Florentie

212 1365 285 1406 vel
305 1363 591 1406 Florentinos
626 1363 746 1405 cives
778 1376 860 1418 per
886 1364 1066 1417 tempus
1092 1364 1135 1403 et-
1157 1360 1401 1403 terminum
1429 1361 1582 1403 decem
1607 1373 1841 1402 annorum.

352 1447 468 1488 Item
501 1445 666 1488 obtulit
699 1445 845 1487 dictus
875 1444 1176 1497 ambaxiator,
1214 1445 1347 1499 quod,
1382 1443 1420 1486 si
1453 1443 1600 1486 dictus
1633 1442 1843 1486 dominus

212 1532 293 1560 rex
336 1531 426 1560 non
469 1517 644 1559 venerit
687 1516 792 1558 hinc
842 1516 900 1557 ad
944 1515 1089 1558 dictas
1137 1514 1358 1557 kalendas
1392 1513 1604 1556 Octobris
1636 1513 1844 1569 proxime

212 1591 442 1639 venturas,
475 1587 706 1643 promitet,
740 1587 985 1629 secundum
1019 1587 1138 1641 quod
1171 1586 1380 1641 superius
1414 1585 1583 1627 dictum
1607 1587 1689 1638 est,
1724 1584 1845 1640 quod

214 1660 366 1702 omnia
409 1661 545 1715 pacta
591 1658 706 1701 alias
760 1658 874 1699 inita
917 1657 1038 1700 inter
1084 1670 1272 1699 comune
1315 1655 1543 1698 Florentie
1586 1658 1630 1697 et
1673 1654 1844 1697 dictum

215 1730 446 1773 dominum
501 1743 654 1785 regem
710 1731 754 1770 et
795 1729 932 1770 etiam
977 1727 1293 1784 suprascripta
1335 1730 1378 1769 et
1424 1726 1721 1782 infrascripta
1753 1726 1845 1769 sint

216 1814 346 1844 cassa
378 1804 422 1843 et
453 1801 598 1853 irrita,
631 1800 697 1842 ita
730 1800 850 1855 quod
884 1812 937 1841 ex
974 1798 1037 1841 eis
1060 1812 1248 1841 comune
1274 1797 1501 1840 Florentie
1522 1811 1613 1840 non
1634 1799 1846 1839 teneatur

217 1874 274 1914 ad
319 1871 489 1927 aliquid
534 1872 732 1913 dandum
779 1871 851 1913 vel
882 1870 1157 1921 faciendum,
1191 1869 1318 1912 salvo
1350 1872 1519 1922 tamen,
1554 1869 1674 1924 quod
1706 1867 1845 1910 etiam

215 1943 261 1985 in
306 1943 425 1985 dicto
470 1956 579 1985 casu
624 1942 771 1983 dictus
817 1942 1026 1983 dominus
1073 1954 1155 1982 rex
1194 1942 1405 1982 teneatur
1438 1953 1529 1982 non
1560 1939 1709 1981 facere
1743 1952 1844 1980 cum

217 2013 395 2056 comuni
432 2013 642 2056 Pisarum
689 2012 889 2067 aliquam
936 2011 1296 2064 conventionem,
1337 2024 1511 2067 pacem,
1553 2009 1843 2053 concordiam

215 2085 287 2126 vel
309 2087 567 2126 tractatum.

357 2155 472 2197 Item
521 2155 641 2210 quod
683 2154 843 2196 habita
885 2156 928 2195 et
958 2154 1148 2196 reducta
1180 2153 1226 2195 in
1260 2166 1389 2195 suam
1423 2151 1661 2194 dictionem
1693 2150 1847 2194 insula

218 2226 434 2270 Sardinee
474 2225 691 2267 tractabit
733 2228 775 2267 et
807 2224 1000 2267 tractari
1043 2224 1180 2266 faciet
1219 2225 1496 2266 mercatores
1528 2222 1755 2265 Florentie
1797 2221 1844 2263 in

216 2296 423 2354 pedagiis
481 2299 523 2338 et
565 2296 753 2351 gabellis
799 2298 843 2338 et
885 2295 988 2338 aliis
1026 2295 1288 2338 huiusmodi
1334 2293 1694 2350 prestationibus
1743 2295 1843 2335 tan-

219 2382 355 2423 quam
388 2380 494 2410 suos
526 2366 834 2422 regnieolosc).

359 2439 447 2480 Pro
494 2440 624 2493 parte
674 2450 777 2479 vero
826 2437 1030 2479 comunis
1077 2436 1305 2479 Florentie
1354 2435 1561 2491 predicta
1609 2436 1846 2490 acceptata

217 2510 402 2553 fuerunt
435 2511 479 2550 et
510 2507 805 2562 infrascripta
835 2508 1064 2563 promissa
1096 2510 1141 2549 et
1177 2507 1346 2549 oblata.

359 2579 590 2635 Imprimis
634 2578 814 2633 quidem
853 2577 984 2620 offert
1031 2591 1219 2621 comune
1251 2577 1479 2620 Florentie
1511 2590 1595 2632 pro
1628 2575 1845 2632 predictis

219 2655 379 2695 contra
410 2650 598 2692 Pisanos
633 2651 677 2690 et
700 2647 868 2691 Sardos
889 2648 1051 2691 melius
1075 2651 1118 2690 et
1143 2648 1375 2704 potentius
1399 2647 1672 2703 exequendis
1696 2660 1743 2688 se
1767 2646 1844 2687 da-

219 2714 372 2753 turum
426 2710 546 2751 dicto
598 2708 779 2750 domino
832 2708 930 2762 regi
976 2707 1209 2762 Aragonie
1261 2707 1425 2762 viginti
1474 2706 1671 2762 quinque
1717 2704 1846 2747 milia

219 2782 415 2824 florenos
461 2780 514 2821 de
560 2792 690 2830 auro,
732 2777 1036 2832 infrascriptis
1081 2777 1288 2820 terminis
1333 2780 1376 2819 et
1421 2776 1589 2829 modis,
1636 2775 1847 2817 videlicet

221 2851 455 2895 duodecim
501 2849 630 2892 milia
679 2852 722 2890 et
771 2848 1042 2903 quingentos
1089 2849 1287 2891 florenos
1335 2849 1389 2890 de
1431 2861 1555 2899 auro,
1600 2849 1845 2902 postquam

219 2923 317 2978 ipse
364 2921 574 2964 dominus
620 2934 700 2961 rex
746 2919 793 2961 in
841 2918 1009 2960 dictam
1052 2919 1249 2961 insulam
1288 2918 1601 2974 suprascripto
1632 2918 1766 2959 modo
1801 2918 1845 2957 et

362 3005 390 3048 c)
416 3003 459 3038 So
486 3002 543 3037 Or.

1633 3069 1696 3103 36*
