2296 3512
917 229 1234 269 ——877—

269 362 452 406 familiis
486 364 564 402 aut
591 359 692 402 aliis
725 357 854 401 bonis
878 357 971 399 suis
995 357 1239 410 dampnum
1273 353 1483 404 inferant,
1517 350 1772 393 molestiam
1807 362 1885 391 seu

266 446 525 490 gravamen,
559 431 696 472 immo
730 433 823 471 tam
846 427 931 469 Dei
951 426 1119 469 intuitu
1154 439 1288 481 quam
1322 423 1468 466 nostri
1499 419 1885 476 contemplacione

265 505 369 547 illos
402 503 484 546 sub
516 500 801 555 proteccione
840 511 922 540 sua
954 496 1175 551 recipiant
1208 495 1511 537 comendatos.
1576 491 1784 534 Ceterum
1818 504 1886 532 re-

268 574 456 617 colimus
503 585 647 626 nuper
695 569 821 612 vobis
868 568 1095 624 precando
1129 566 1365 621 scripsisse
1412 578 1494 620 per
1524 563 1723 613 litteras,
1773 574 1886 616 quas

265 645 395 688 vobis
427 643 616 686 dilectus
655 639 941 682 consiliarius
974 641 1017 680 et
1049 637 1268 692 magister
1300 634 1542 677 racionalis
1578 633 1698 675 curie
1731 635 1885 674 nostre

266 718 316 759 P.
350 713 461 769 Boyl
495 711 649 755 debuit
680 712 956 766 presentare,
991 710 1040 749 ut
1072 707 1130 748 ad
1160 719 1243 748 nos
1275 704 1502 747 novellum
1535 716 1648 758 opus
1693 715 1774 757 per
1806 713 1887 742 vos

267 785 515 829 conditum:
549 782 769 825 Medicine
812 779 1043 836 speculum
1083 780 1391 831 nuncupatum
1425 788 1507 830 pro
1542 772 1888 816 conservacione
1940 790 1948 795 ·

268 856 429 899 salutis
462 858 616 897 nostre
648 852 830 894 mittere
863 848 1091 892 deberitis.
1142 847 1258 890 Sane
1293 846 1399 901 quia
1431 845 1669 900 ignoratur
1697 857 1722 884 a
1744 842 1887 893 nobis,

267 931 420 969 utrum
462 925 578 968 dicte
619 923 770 965 littere
812 922 869 963 ad
900 934 980 963 vos
1014 917 1323 975 pervenerint,
1366 915 1655 972 prudenciam
1693 917 1889 955 vestram

267 998 432 1040 iterato
479 1008 740 1051 precamur,
789 995 1012 1048 quatenus
1060 1002 1173 1045 opus
1217 987 1471 1044 predictum
1505 999 1602 1028 seu:
1649 984 1890 1040 Speculum

267 1068 486 1111 medicine
520 1067 576 1108 ad
608 1078 690 1107 nos
724 1077 805 1120 pro
840 1061 1186 1105 conservacione
1219 1061 1373 1102 nostre
1415 1056 1596 1107 salutis,
1646 1068 1796 1110 quam,
1842 1057 1891 1095 ut

269 1144 472 1182 tenemus
496 1136 760 1187 certissime,
793 1138 945 1177 tenere
969 1132 1147 1188 cupitis,
1180 1144 1262 1186 per
1282 1129 1423 1172 fidum
1455 1130 1657 1169 vestrum
1679 1125 1891 1167 nuncium

268 1210 449 1254 sublato
481 1222 606 1251 more
640 1206 874 1263 dispendio
907 1202 1225 1246 transmitatis.
1282 1199 1449 1242 Scituri
1481 1211 1563 1240 nos
1596 1211 1711 1253 opus
1742 1196 1891 1251 ipsum

267 1280 437 1323 nemini
469 1279 856 1326 comunicaturos,
897 1275 986 1318 nisi
1025 1273 1182 1330 previo
1225 1284 1444 1314 consensu
1485 1271 1637 1312 vestro
1671 1267 1891 1322 magistro

270 1352 466 1395 Martino
501 1352 554 1392 de
587 1349 746 1404 Caliga
778 1348 965 1400 rubeal)
1008 1349 1166 1387 nostro
1208 1342 1382 1398 phisico
1424 1341 1469 1382 id
1507 1340 1776 1395 pandamus,
1817 1336 1893 1392 qui

275 1425 329 1466 de
363 1422 510 1465 salute
544 1424 586 1463 et
619 1420 815 1463 sanitate
857 1416 1061 1473 corporis
1102 1414 1248 1457 nostri
1291 1412 1534 1455 sollicitam
1575 1423 1731 1452 curam
1764 1408 1892 1464 gerit.

269 1492 550 1536 Rescribatis
593 1491 733 1545 igitur
765 1489 896 1532 nobis
929 1501 1065 1543 super
1096 1486 1185 1528 hiis
1217 1488 1367 1527 vestre
1401 1482 1612 1525 continuo
1645 1479 1894 1523 voluntatis

269 1565 505 1607 intentum.
540 1564 643 1605 Dat.
667 1559 876 1602 Valencie
897 1558 1103 1601 kalendis
1121 1556 1232 1599 ζ111111
1256 1569 1373 1597 anno
1392 1553 1561 1596 domini
1581 1565 1701 1594 mccc
1719 1555 1892 1593 octavo.

413 1634 495 1678 Reg.
526 1634 592 1668 140
618 1633 644 1666 f.
674 1632 750 1666 119.

274 1768 372 1808 555.
406 1766 568 1820 Jayme
593 1764 659 1805 ΙΙ.
687 1775 744 1805 an
772 1761 948 1805 Arnald
974 1771 1062 1803 von
1088 1758 1352 1801 Villanova:
1375 1755 1520 1798 bittet
1545 1766 1622 1796 um
1651 1753 1754 1794 eine
1779 1761 1896 1793 neue

272 1836 492 1889 Sendung
536 1835 616 1877 (les
653 1833 995 1882 Electuariu1113
1035 1842 1087 1872 er
1127 1829 1211 1871 hat
1254 1840 1345 1870 nur
1387 1826 1539 1878 wenig
1580 1823 1675 1866 und
1722 1822 1896 1864 diesem

274 1907 398 1950 fehlt
440 1917 598 1959 wegen
646 1904 798 1947 seines
831 1902 990 1945 Alters
1029 1900 1104 1942 ‹lie
1144 1898 1307 1949 Kraft3
1346 1895 1559 1950 zugleich
1596 1893 1807 1937 wi'mscht
1845 1903 1898 1934 er

278 1978 354 2020 die
388 1976 718 2030 Komposition
760 1987 815 2016 zu
850 1972 1071 2016 erfahren
1113 1970 1208 2013 und
1241 1969 1386 2011 bittet
1417 1980 1520 2009 zum
1561 1966 1743 2008 dritten
1780 1963 1898 2006 Male

274 2061 353 2091 11111
388 2048 468 2090 das
501 2045 748 2101 Speculum
781 2044 1030 2094 medicine3
1063 2041 1222 2084 beides
1255 2039 1346 2082 soll
1383 2038 1469 2080 auf
1502 2038 1661 2079 seinen
1701 2033 1897 2078 Wunsch

503 2118 687 2172 geheim
720 2117 923 2158 bleiben.
985 2112 1207 2156 Valencia
1240 2110 1355 2153 1308
1387 2109 1570 2162 August
1604 2107 1673 2149 15.

416 2200 690 2251 Venerabili,
722 2198 913 2254 provido
941 2199 984 2239 et
1017 2196 1211 2238 discreto
1246 2192 1467 2249 magistro
1491 2193 1543 2233 A.
1579 2191 1632 2232 de
1654 2189 1898 2231 Villanoua

275 2271 438 2313 dilecto
473 2270 730 2313 consiliario
763 2271 807 2310 et
838 2266 1055 2310 familiari
1088 2279 1168 2307 suo
1202 2268 1284 2307 etc.
1309 2263 1598 2306 Meminimus
1632 2261 1695 2316 [et
1727 2273 1754 2301 a
1785 2258 1896 2313 me]-

276 2342 422 2384 moria
454 2344 607 2383 vestra
637 2354 726 2382 non
760 2340 982 2382 credimus
1017 2336 1291 2387 discessisse,
1324 2348 1405 2377 vos
1439 2334 1607 2376 dudum
1641 2332 1696 2373 ad
1721 2343 1898 2373 conser-

277 2413 511 2454 vacionem
551 2410 761 2454 sanitatis
800 2423 990 2466 persone
1023 2411 1177 2450 nostre
1210 2405 1503 2448 electuarium
1543 2417 1621 2447 seu
1655 2400 1899 2444 confeccio-

277 2497 410 2526 onem
444 2483 502 2537 (Ρ)
538 2482 764 2536 quandam
798 2479 1181 2536 preciosissimam
1214 2476 1375 2519 fecisse
1406 2475 1518 2527 fieri,
1553 2475 1681 2530 quea)
1716 2485 1798 2514 nos
1829 2471 1900 2513 usi

277 2567 434 2597 sumus
472 2554 702 2607 hucusque
735 2556 778 2593 et
810 2551 1028 2593 sentimus
1062 2563 1159 2591 eam
1194 2547 1368 2602 nobisb)
1404 2581 1411 2588 .
1449 2580 1456 2588 .
1493 2580 1500 2588 .
1534 2545 1673 2587 fuisse
1706 2543 1779 2597 (Ρ).
1843 2542 1900 2583 Et

281 2625 386 2681 quia
420 2623 711 2666 electuarium
752 2636 830 2664 seu
862 2620 1086 2663 confeccio
1135 2620 1235 2675 ipsa
1268 2631 1491 2674 expenssa
1530 2619 1598 2659 est
1630 2629 1708 2657 seu
1741 2627 1900 2656 consu-

278 2700 405 2737 mata
447 2698 599 2750 preter
646 2692 870 2735 modicam
916 2691 1230 2746 quantitatem,
1278 2702 1363 2744 que
1408 2691 1596 2744 propter
1628 2687 1899 2727 vetustatem

280 2769 404 2809 caret
444 2765 636 2817 viribus,
685 2763 852 2805 idcirco
887 2762 1176 2804 dileccionem
1209 2762 1409 2803 vestram
1443 2760 1614 2800 attente
1647 2768 1899 2812 precamur,

280 2840 505 2893 quatenus
554 2836 606 2877 de
653 2833 895 2875 electuario
945 2846 1022 2875 seu
1072 2832 1355 2874 confeccione
1402 2831 1503 2886 ipsa
1554 2828 1802 2871 conficiatis
1848 2826 1900 2878 (P)

351 2907 404 2933 5:23
423 2910 452 2949 a)
478 2906 521 2940 So
547 2905 631 2948 Reg.
683 2905 712 2947 b)
738 2903 802 2937 Ein
829 2913 911 2947 paar
938 2902 1078 2936 Worter
1103 2913 1188 2946 weg.

353 3013 405 3039 55⁴
428 3012 451 3055 1)
477 3012 550 3046 Der
575 3011 747 3044 Hausarzt
773 3010 833 3043 des
859 3009 1005 3052 Konigs3
1032 3008 1067 3041 in
1092 3008 1206 3041 dieser
1232 3007 1306 3041 Zeit
1331 3007 1383 3040 oft
1407 3007 1571 3050 genannt.
