2296 3512
1114 267 1432 308 -890—

464 393 691 437 Gelegenheit
716 405 760 427 zu
784 404 939 429 murren.
988 393 1104 428 Sohon
1128 393 1332 428 wiederholt
1362 394 1407 428 ist
1432 394 1494 428 der
1519 393 1626 437 Papst
1651 394 1772 428 darum
1797 393 1961 438 gebeten:
1994 395 2085 438 quod

462 453 617 486 nondum
647 452 731 486 adeo
764 452 875 496 potuit
919 452 1077 488 obtineri.
1133 452 1305 494 Befiehlt,
1357 452 1462 487 bevor
1487 452 1609 486 Infant
1633 452 1770 486 Johann
1796 463 1863 486 von
1890 453 1952 486 der
1976 453 2083 487 Kurie

462 511 560 555 geht:
588 511 679 555 quod
705 511 797 544 idem
821 511 939 545 infans
965 510 1038 545 sive
1061 521 1124 555 per
1139 513 1282 547 modum
1299 511 1479 555 peticionis
1497 511 1570 545 sive
1588 522 1651 555 per
1667 512 1808 544 modum
1826 511 2084 555 supplicationis

464 569 727 614 presencialiter
751 571 846 613 petat
871 569 914 603 ab
938 570 1012 614 ipso
1038 570 1176 604 domino
1202 581 1299 614 papa.
1324 572 1363 604 ut
1388 570 1496 604 nostri
1523 576 1556 604 et
1581 570 1663 604 dicti
1689 570 1832 604 infantis
1857 570 1988 604 honore
2006 581 2084 614 pre-

463 629 679 663 nominatum
711 629 857 662 fratrem
884 629 1028 663 Petrum
1054 639 1074 663 a
1098 629 1262 673 predictis
1294 629 1450 663 relevare
1484 632 1518 663 et
1549 628 1727 663 absolvere
1753 629 1914 673 dignetur
1937 639 2084 672 eumque

464 687 507 721 ad
533 687 719 732 pristinum
745 690 875 722 statum
901 690 935 721 et
960 687 1129 722 honorem
1154 689 1308 723 reducat.
1358 689 1436 724 Dat.
1463 688 1550 723 Osce
1576 688 1623 724 Π.
1649 687 1725 722 idus
1751 688 1857 722 Junii.
1906 688 1990 732 Reg.
2015 687 2084 722 239

463 746 488 780 f.
516 746 572 780 91.
600 766 643 772 -
670 746 735 781 Ich
759 747 842 791 fiige
869 746 981 791 einige
1007 746 1157 781 Notizen
1182 747 1271 781 iiber
1295 748 1354 781 das
1381 747 1552 781 Geschiok
1577 747 1637 780 des
1663 747 1709 783 fr.
1736 749 1776 783 A.
1797 746 1895 781 Oliba
1919 756 1980 780 aus
2006 747 2086 780 dem

462 804 761 840 Minoritenorden
799 816 859 848 an,
899 806 965 840 den
990 807 1115 849 Jayme
1153 806 1262 840 schon
1301 806 1391 841 1304
1418 806 1467 840 als
1492 805 1658 841 Kardinal
1683 805 1954 850 vorgeschlagen
1978 805 2084 840 hatte.

463 863 546 908 Reg.
565 863 632 898 239
652 864 678 898 f.
697 864 759 899 90:
786 865 817 898 J.
845 875 889 898 an
915 865 1090 899 Guardian
1107 865 1178 899 und
1195 865 1529 899 Minoritenkloster:
1557 864 1806 908 Compellimur
1830 864 2004 899 admirari.
2021 893 2028 900 .
2050 891 2056 898 .
2077 892 2085 900 .

463 922 543 966 quia
560 923 604 958 fr.
619 925 660 957 A.
681 922 779 957 Oliba
804 923 863 957 diu
888 923 922 957 in
939 926 1056 958 vestro
1074 924 1194 958 ordine
1214 923 1433 958 laudabiliter
1450 927 1704 959 conversatum,
1724 923 1815 958 clare
1833 924 1926 958 fame
1947 924 2086 967 viteque

463 981 606 1016 honeste
635 1010 641 1016 .
670 1009 677 1016 .
707 1010 713 1016 .
740 982 936 1016 litterarum
961 982 1107 1016 scientia
1130 983 1222 1026 apud
1248 982 1355 1016 bonos
1381 985 1416 1016 et
1440 993 1562 1027 graves
1579 981 1820 1026 multipliciter
1843 983 2086 1017 comendatum

463 1040 585 1084 pocius
612 1042 695 1085 typo
722 1040 856 1075 malicie
890 1052 953 1075 seu
978 1041 1124 1081 invidie,
1163 1046 1200 1075 ut
1227 1044 1323 1075 tenet
1349 1041 1506 1075 comunis
1531 1041 1685 1085 oppinio,
1724 1052 1827 1085 quam
1852 1041 1987 1075 iusticie
2014 1041 2086 1075 zelo

464 1099 558 1133 ducti
595 1100 691 1144 gravi
717 1101 848 1135 carceri
879 1100 1112 1144 mancipastis.
1163 1099 1329 1144 Verlangt
1361 1100 1528 1144 sofortige
1554 1100 1755 1144 Betreiung.
1807 1101 1894 1134 1311
1921 1100 2005 1134 Juni
2032 1098 2085 1134 12.

463 1158 488 1192 f.
515 1158 557 1192 91
586 1158 776 1193 Schreiben
802 1170 846 1192 an
872 1170 925 1203 ep.
952 1158 1169 1193 Portuensis:
1197 1169 1235 1192 er
1261 1158 1323 1193 soll
1349 1159 1410 1192 fur
1434 1157 1533 1193 Oliba
1557 1158 1720 1201 handeln,
1747 1169 1850 1203 quem
1876 1159 1966 1193 sicut
1990 1159 2087 1193 audi-

462 1217 586 1259 vimus.
613 1229 674 1252 vos
700 1217 908 1252 familiarem
933 1218 1112 1254 habuistis.
1164 1217 1284 1251 Grund
1311 1218 1372 1251 der
1397 1217 1712 1261 Gesangenschaft:
1740 1217 1867 1252 fratres
1886 1218 1927 1251 de
1946 1217 2087 1262 quibus-

464 1276 543 1310 dam
568 1287 631 1320 per
656 1277 796 1311 devium
821 1276 1078 1311 ambulantibus
1104 1275 1282 1320 arguebat,
1309 1278 1345 1311 et
1370 1276 1452 1321 quia
1479 1275 1657 1310 dubitabat
1683 1287 1727 1310 ex
1753 1287 1792 1310 eo
1819 1276 1883 1311 sibi
1900 1277 2088 1320 dampnum

462 1335 597 1379 inferri7
624 1336 742 1370 sedem
768 1347 821 1380 ap.
848 1335 1046 1380 appellarat.
1074 1336 1099 1372 f.
1118 1335 1184 1370 169
1209 1335 1410 1370 November
1436 1336 1467 1369 3.
1494 1346 1537 1369 an
1565 1334 1678 1369 Oliba:
1706 1335 1771 1369 alle
1787 1336 1882 1370 seine
1909 1335 2088 1369 Wiinsche

463 1394 559 1428 seien
586 1394 715 1429 erffillt.
767 1395 842 1439 Vgl.
870 1396 894 1429 f.
924 1395 1027 1429 llOV.

466 1573 562 1614 568.
596 1573 651 1614 R.
685 1572 858 1615 Conesa
891 1573 1111 1626 indignus
1143 1574 1388 1628 presbyter
1420 1586 1477 1615 an
1511 1574 1672 1629 Jayme
1704 1573 1791 1615 11.:
1826 1572 1987 1614 sendet
2023 1573 2088 1614 im

464 1648 696 1703 Austrage
729 1649 809 1691 (les
841 1649 1176 1692 verhinderten
1203 1649 1379 1692 Arnald
1412 1661 1498 1692 von
1528 1650 1768 1692 villanova
1801 1650 1905 1691 eine
1935 1650 2089 1704 papst-

800 1726 924 1768 liche
956 1727 1110 1769 Bulle.
1172 1726 1392 1768 Valencia
1428 1725 1542 1768 1310
1571 1726 1673 1770 ‚Iuli
1705 1726 1776 1768 27.

606 1832 827 1874 Dominus
859 1832 1079 1888 magister
1113 1834 1166 1874 Α.
1201 1833 1253 1873 de
1281 1831 1520 1873 Villanova
1562 1831 1745 1887 scripsit
1778 1831 1926 1882 michi,
1969 1831 2090 1886 quod

464 1905 775 1958 presentarem
808 1903 977 1945 illustri
1010 1902 1313 1945 dominacioni
1352 1905 1500 1944 vestre
1532 1902 1710 1945 litteras
1744 1903 1909 1944 summi
1940 1902 2088 1957 ponti-

464 1973 562 2016 ficis
606 1974 805 2016 bullatas
850 1973 974 2015 bulla
1021 1973 1274 2029 plumbea.
1310 2007 1317 2014 .
1390 1973 1445 2014 Et
1503 1973 1609 2028 quia
1662 1973 1853 2016 diversis
1906 1976 1949 2014 et
1999 1972 2088 2028 piis

465 2045 665 2099 negociis
697 2045 941 2100 impeditus
965 2057 1118 2087 coram
1150 2044 1385 2099 presencia
1419 2044 1686 2086 excellencie
1724 2048 1872 2087 vestre
1905 2044 2089 2085 minime

466 2129 583 2157 nunc
606 2116 727 2157 valet
753 2128 1030 2170 comparere,
1065 2116 1117 2157 de
1145 2115 1332 2157 oonsilio
1367 2118 1409 2156 et
1443 2128 1631 2157 assensu
1652 2115 1888 2157 reverendi
1920 2114 2089 2156 domini

466 2185 697 2227 Valentini
764 2185 934 2227 tradidi
1001 2186 1181 2227 easdem
1236 2199 1336 2227 cum
1391 2185 1491 2228 aliis
1543 2185 1708 2228 litteris
1760 2185 1868 2227 dicti
1920 2185 2090 2227 domini

466 2256 678 2312 magistri
709 2257 942 2298 Bel-nardo
975 2256 1139 2298 Vitalis
1174 2256 1422 2299 domestico
1463 2259 1506 2298 et
1538 2256 1739 2299 subiecto
1773 2260 1921 2298 vestre
1963 2255 2090 2298 celsi-

466 2327 613 2369 tudini
644 2327 985 2382 presentandas.
1060 2327 1119 2368 Et
1150 2327 1355 2382 supplico
1384 2327 1722 2382 magnificencie
1743 2331 1906 2379 vestre,
1935 2330 2089 2382 quate-

468 2411 552 2440 nus
584 2397 764 2439 faciatis
808 2411 880 2439 me
919 2397 1172 2449 certificari,
1215 2401 1366 2439 utrum
1407 2398 1609 2453 predicte
1652 2398 1803 2440 littere
1836 2398 1893 2439 ad
1929 2411 2090 2440 manus

468 2472 645 2511 vestras
677 2468 966 2523 pervenerint
1003 2481 1084 2522 per
1116 2468 1317 2519 eundem,
1352 2482 1406 2510 ne
1438 2470 1610 2524 possim
1636 2468 1913 2524 negligencie
1939 2481 2090 2524 repre-

469 2539 616 2581 hendi.
681 2539 784 2580 Dat.
819 2538 1030 2580 Valencie
1064 2538 1138 2580 VI.
1173 2538 1391 2582 kalendas
1427 2538 1621 2595 Augusti
1663 2552 1779 2581 anno
1818 2539 1987 2581 domini
2019 2536 2091 2581 M0

470 2608 581 2652 CCC
613 2609 800 2651 decimo.

610 2702 700 2738 CRD
727 2702 829 2737 3723.
881 2702 937 2738 Or.
964 2702 1046 2745 Pap.
1073 2701 1148 2747 Ssp.

472 2882 568 2923 569.
587 2881 617 2924 J
619 2892 748 2936 ayme
774 2881 840 2922 Π.
859 2893 916 2922 an
934 2879 1090 2934 Konig
1108 2880 1375 2923 Friedrich:
1399 2881 1594 2923 Bericht
1615 2881 1731 2922 iiber
1747 2880 1828 2922 das
1845 2879 2090 2933 Vorgehen

470 2957 521 2999 in
543 2956 720 3000 Sachen
747 2957 949 3000 Arnalds
974 2968 1063 2999 von
1088 2957 1334 2999 villanova
1360 2957 1472 3011 (vgl.
1502 2957 1575 2999 Nr.
1602 2957 1708 3011 570)
1722 2969 1734 3007 3
1768 2955 1985 3010 Sendung
2011 2956 2090 2998 des

471 3033 861 3085 Schriftstiickes3
904 3032 1270 3087 Aufforderung‚
1315 3046 1373 3076 an
1418 3033 1505 3076 den
1543 3034 1686 3087 Papst
1727 3033 1803 3075 ein
1845 3032 2090 3075 Entsohul·
