<?xml version="1.0" encoding="UTF-8"?>
<!DOCTYPE html PUBLIC "-//W3C//DTD XHTML 1.0 Transitional//EN"
    "http://www.w3.org/TR/xhtml1/DTD/xhtml1-transitional.dtd">
<html xmlns="http://www.w3.org/1999/xhtml" xml:lang="en" lang="en">
 <head>
  <title>
</title>
<meta http-equiv="Content-Type" content="text/html;charset=utf-8" />
  <meta name='ocr-system' content='tesseract 3.04.00' />
  <meta name='ocr-capabilities' content='ocr_page ocr_carea ocr_par ocr_line ocrx_word'/>
</head>
<body>
  <div class='ocr_page' id='page_1' title='image "./actaaragonensiaq02finkuoft_0074.png"; bbox 0 0 2296 3512; ppageno 0'>
   <div class='ocr_carea' id='block_1_1' title="bbox 1066 197 1383 238">
    <p class='ocr_par' dir='ltr' id='par_1_1' title="bbox 1066 197 1383 238">
     <span class='ocr_line' id='line_1_1' title="bbox 1066 197 1383 238; baseline 0 0"><span class='ocrx_word' id='word_1_1' title='bbox 1066 197 1383 238; x_wconf 85' lang='lat'>-578—</span> 
     </span>
    </p>
   </div>
   <div class='ocr_carea' id='block_1_2' title="bbox 415 324 2043 1004">
    <p class='ocr_par' dir='ltr' id='par_1_2' title="bbox 415 324 2043 1004">
     <span class='ocr_line' id='line_1_2' title="bbox 556 324 2038 379; baseline -0.001 -11"><span class='ocrx_word' id='word_1_2' title='bbox 556 327 685 369; x_wconf 83' lang='lat' dir='ltr'>Nova</span> <span class='ocrx_word' id='word_1_3' title='bbox 717 328 836 378; x_wconf 90' lang='lat' dir='ltr'>sunt,</span> <span class='ocrx_word' id='word_1_4' title='bbox 874 328 924 367; x_wconf 91' lang='lat' dir='ltr'>ut</span> <span class='ocrx_word' id='word_1_5' title='bbox 957 324 1208 367; x_wconf 71' lang='lat' dir='ltr'>comuniter</span> <span class='ocrx_word' id='word_1_6' title='bbox 1239 325 1313 366; x_wconf 90' lang='lat' dir='ltr'>hic</span> <span class='ocrx_word' id='word_1_7' title='bbox 1343 325 1503 377; x_wconf 84' lang='lat' dir='ltr'>fertur,</span> <span class='ocrx_word' id='word_1_8' title='bbox 1543 327 1588 366; x_wconf 92' lang='lat' dir='ltr'>et</span> <span class='ocrx_word' id='word_1_9' title='bbox 1617 337 1755 379; x_wconf 90' lang='lat' dir='ltr'>penes</span> <span class='ocrx_word' id='word_1_10' title='bbox 1786 326 2038 379; x_wconf 84' lang='lat' dir='ltr'>magnates,</span> 
     </span>
     <span class='ocr_line' id='line_1_3' title="bbox 416 394 2040 453; baseline -0.002 -14"><span class='ocrx_word' id='word_1_11' title='bbox 416 398 536 453; x_wconf 89' lang='lat' dir='ltr'>quod</span> <span class='ocrx_word' id='word_1_12' title='bbox 581 399 802 439; x_wconf 86' lang='lat' dir='ltr'>tractatur</span> <span class='ocrx_word' id='word_1_13' title='bbox 843 396 897 437; x_wconf 90' lang='lat' dir='ltr'>de</span> <span class='ocrx_word' id='word_1_14' title='bbox 939 394 1303 438; x_wconf 78' lang='lat' dir='ltr'>confederatione</span> <span class='ocrx_word' id='word_1_15' title='bbox 1334 395 1454 437; x_wconf 88' lang='lat' dir='ltr'>inter</span> <span class='ocrx_word' id='word_1_16' title='bbox 1484 394 1736 437; x_wconf 84' lang='lat' dir='ltr'>Januenses</span> <span class='ocrx_word' id='word_1_17' title='bbox 1767 394 2040 437; x_wconf 89' lang='lat' dir='ltr'>intrinsecos</span> 
     </span>
     <span class='ocr_line' id='line_1_4' title="bbox 416 464 2041 515; baseline -0.002 -5"><span class='ocrx_word' id='word_1_18' title='bbox 416 471 461 510; x_wconf 91' lang='lat' dir='ltr'>et</span> <span class='ocrx_word' id='word_1_19' title='bbox 487 468 677 511; x_wconf 84' lang='lat' dir='ltr'>Pisanos</span> <span class='ocrx_word' id='word_1_20' title='bbox 710 469 754 508; x_wconf 90' lang='lat' dir='ltr'>et</span> <span class='ocrx_word' id='word_1_21' title='bbox 784 479 941 515; x_wconf 91' lang='lat' dir='ltr'>omnes</span> <span class='ocrx_word' id='word_1_22' title='bbox 972 466 1051 509; x_wconf 90' lang='lat' dir='ltr'>isti</span> <span class='ocrx_word' id='word_1_23' title='bbox 1081 469 1306 508; x_wconf 87' lang='lat' dir='ltr'>tractatus</span> <span class='ocrx_word' id='word_1_24' title='bbox 1328 465 1444 508; x_wconf 90' lang='lat' dir='ltr'>fiunt</span> <span class='ocrx_word' id='word_1_25' title='bbox 1471 466 1525 507; x_wconf 90' lang='lat' dir='ltr'>de</span> <span class='ocrx_word' id='word_1_26' title='bbox 1551 464 1843 507; x_wconf 86' lang='lat' dir='ltr'>connivencia</span> <span class='ocrx_word' id='word_1_27' title='bbox 1870 464 2041 507; x_wconf 87' lang='lat' dir='ltr'>domini</span> 
     </span>
     <span class='ocr_line' id='line_1_5' title="bbox 415 535 2040 595; baseline -0.002 -15"><span class='ocrx_word' id='word_1_28' title='bbox 415 551 547 595; x_wconf 90' lang='lat' dir='ltr'>pape,</span> <span class='ocrx_word' id='word_1_29' title='bbox 581 537 671 593; x_wconf 82' lang='lat' dir='ltr'>qui,</span> <span class='ocrx_word' id='word_1_30' title='bbox 705 537 790 579; x_wconf 91' lang='lat' dir='ltr'>etsi</span> <span class='ocrx_word' id='word_1_31' title='bbox 815 549 905 579; x_wconf 91' lang='lat' dir='ltr'>non</span> <span class='ocrx_word' id='word_1_32' title='bbox 926 538 1093 593; x_wconf 76' lang='lat' dir='ltr'>palam,</span> <span class='ocrx_word' id='word_1_33' title='bbox 1126 537 1243 579; x_wconf 87' lang='lat' dir='ltr'>clam</span> <span class='ocrx_word' id='word_1_34' title='bbox 1268 536 1395 579; x_wconf 89' lang='lat' dir='ltr'>dabit</span> <span class='ocrx_word' id='word_1_35' title='bbox 1422 536 1720 591; x_wconf 90' lang='lat' dir='ltr'>quodcunque</span> <span class='ocrx_word' id='word_1_36' title='bbox 1746 535 2040 591; x_wconf 90' lang='lat' dir='ltr'>impedimen-</span> 
     </span>
     <span class='ocr_line' id='line_1_6' title="bbox 415 605 2039 664; baseline -0.002 -14"><span class='ocrx_word' id='word_1_37' title='bbox 415 611 511 650; x_wconf 89' lang='lat' dir='ltr'>tum</span> <span class='ocrx_word' id='word_1_38' title='bbox 554 610 729 650; x_wconf 87' lang='lat' dir='ltr'>armate</span> <span class='ocrx_word' id='word_1_39' title='bbox 771 610 931 660; x_wconf 89' lang='lat' dir='ltr'>vestre,</span> <span class='ocrx_word' id='word_1_40' title='bbox 975 621 1112 664; x_wconf 88' lang='lat' dir='ltr'>quam</span> <span class='ocrx_word' id='word_1_41' title='bbox 1152 607 1316 649; x_wconf 83' lang='lat' dir='ltr'>facitis.</span> <span class='ocrx_word' id='word_1_42' title='bbox 1380 606 1481 648; x_wconf 89' lang='lat' dir='ltr'>Hoc</span> <span class='ocrx_word' id='word_1_43' title='bbox 1513 605 1628 648; x_wconf 80' lang='lat' dir='ltr'>dixit</span> <span class='ocrx_word' id='word_1_44' title='bbox 1658 605 1796 648; x_wconf 90' lang='lat' dir='ltr'>michi</span> <span class='ocrx_word' id='word_1_45' title='bbox 1830 605 2039 648; x_wconf 90' lang='lat' dir='ltr'>dominus</span> 
     </span>
     <span class='ocr_line' id='line_1_7' title="bbox 415 675 2038 734; baseline -0.002 -13"><span class='ocrx_word' id='word_1_46' title='bbox 415 678 645 734; x_wconf 90' lang='lat' dir='ltr'>Neapoleo</span> <span class='ocrx_word' id='word_1_47' title='bbox 688 677 735 719; x_wconf 92' lang='lat' dir='ltr'>in</span> <span class='ocrx_word' id='word_1_48' title='bbox 779 681 967 731; x_wconf 90' lang='lat' dir='ltr'>secreto,</span> <span class='ocrx_word' id='word_1_49' title='bbox 1013 681 1081 721; x_wconf 91' lang='lat' dir='ltr'>set</span> <span class='ocrx_word' id='word_1_50' title='bbox 1127 678 1246 733; x_wconf 88' lang='lat' dir='ltr'>quod</span> <span class='ocrx_word' id='word_1_51' title='bbox 1284 690 1375 719; x_wconf 91' lang='lat' dir='ltr'>non</span> <span class='ocrx_word' id='word_1_52' title='bbox 1412 676 1609 718; x_wconf 85' lang='lat' dir='ltr'>facerem</span> <span class='ocrx_word' id='word_1_53' title='bbox 1640 675 1790 731; x_wconf 90' lang='lat' dir='ltr'>ipsum</span> <span class='ocrx_word' id='word_1_54' title='bbox 1825 679 2038 719; x_wconf 89' lang='lat' dir='ltr'>actorem.</span> 
     </span>
     <span class='ocr_line' id='line_1_8' title="bbox 416 746 2040 804; baseline -0.002 -12"><span class='ocrx_word' id='word_1_55' title='bbox 416 748 494 792; x_wconf 91' lang='lat' dir='ltr'>Set</span> <span class='ocrx_word' id='word_1_56' title='bbox 535 748 642 804; x_wconf 88' lang='lat' dir='ltr'>quia</span> <span class='ocrx_word' id='word_1_57' title='bbox 685 749 976 792; x_wconf 81' lang='lat' dir='ltr'>serenitatem</span> <span class='ocrx_word' id='word_1_58' title='bbox 1018 752 1218 792; x_wconf 88' lang='lat' dir='ltr'>vestram</span> <span class='ocrx_word' id='word_1_59' title='bbox 1259 747 1398 790; x_wconf 78' lang='lat' dir='ltr'>nichil</span> <span class='ocrx_word' id='word_1_60' title='bbox 1441 748 1574 789; x_wconf 91' lang='lat' dir='ltr'>debet</span> <span class='ocrx_word' id='word_1_61' title='bbox 1612 746 1770 800; x_wconf 90' lang='lat' dir='ltr'>latere,</span> <span class='ocrx_word' id='word_1_62' title='bbox 1810 747 1911 789; x_wconf 89' lang='lat' dir='ltr'>ideo</span> <span class='ocrx_word' id='word_1_63' title='bbox 1954 747 2040 789; x_wconf 89' lang='lat' dir='ltr'>hoc</span> 
     </span>
     <span class='ocr_line' id='line_1_9' title="bbox 417 817 2042 876; baseline -0.002 -14"><span class='ocrx_word' id='word_1_64' title='bbox 417 819 571 862; x_wconf 87' lang='lat' dir='ltr'>curavi</span> <span class='ocrx_word' id='word_1_65' title='bbox 603 819 873 873; x_wconf 84' lang='lat' dir='ltr'>significare,</span> <span class='ocrx_word' id='word_1_66' title='bbox 906 819 1204 876; x_wconf 86' lang='lat' dir='ltr'>supplicando</span> <span class='ocrx_word' id='word_1_67' title='bbox 1235 817 1575 874; x_wconf 81' lang='lat' dir='ltr'>magnificencie</span> <span class='ocrx_word' id='word_1_68' title='bbox 1608 821 1771 871; x_wconf 82' lang='lat' dir='ltr'>vestre,</span> <span class='ocrx_word' id='word_1_69' title='bbox 1811 818 1896 860; x_wconf 91' lang='lat' dir='ltr'>hoc</span> <span class='ocrx_word' id='word_1_70' title='bbox 1927 817 2042 860; x_wconf 91' lang='lat' dir='ltr'>nulli</span> 
     </span>
     <span class='ocr_line' id='line_1_10' title="bbox 417 887 2043 944; baseline -0.002 -11"><span class='ocrx_word' id='word_1_71' title='bbox 417 890 496 933; x_wconf 88' lang='lat' dir='ltr'>alii</span> <span class='ocrx_word' id='word_1_72' title='bbox 528 889 845 933; x_wconf 89' lang='lat' dir='ltr'>comunnicare</span> <span class='ocrx_word' id='word_1_73' title='bbox 876 890 1044 932; x_wconf 90' lang='lat' dir='ltr'>intuitu</span> <span class='ocrx_word' id='word_1_74' title='bbox 1077 889 1185 932; x_wconf 88' lang='lat' dir='ltr'>dicti</span> <span class='ocrx_word' id='word_1_75' title='bbox 1217 888 1388 932; x_wconf 90' lang='lat' dir='ltr'>domini</span> <span class='ocrx_word' id='word_1_76' title='bbox 1414 888 1718 944; x_wconf 87' lang='lat' dir='ltr'>Neapoleonis</span> <span class='ocrx_word' id='word_1_77' title='bbox 1747 888 1880 930; x_wconf 91' lang='lat' dir='ltr'>amici</span> <span class='ocrx_word' id='word_1_78' title='bbox 1900 887 2043 931; x_wconf 88' lang='lat' dir='ltr'>vestri</span> 
     </span>
     <span class='ocr_line' id='line_1_11' title="bbox 417 961 642 1004; baseline 0 0"><span class='ocrx_word' id='word_1_79' title='bbox 417 961 642 1004; x_wconf 87' lang='lat' dir='ltr'>cordialis.</span> 
     </span>
    </p>
   </div>
   <div class='ocr_carea' id='block_1_3' title="bbox 416 1041 2045 1864">
    <p class='ocr_par' dir='ltr' id='par_1_3' title="bbox 416 1041 2045 1864">
     <span class='ocr_line' id='line_1_12' title="bbox 556 1041 2042 1098; baseline -0.002 -12"><span class='ocrx_word' id='word_1_80' title='bbox 556 1045 672 1086; x_wconf 80' lang='lat' dir='ltr'>Item</span> <span class='ocrx_word' id='word_1_81' title='bbox 710 1043 889 1086; x_wconf 88' lang='lat' dir='ltr'>noverit</span> <span class='ocrx_word' id='word_1_82' title='bbox 922 1046 1072 1086; x_wconf 89' lang='lat' dir='ltr'>vestra</span> <span class='ocrx_word' id='word_1_83' title='bbox 1109 1042 1238 1098; x_wconf 86' lang='lat' dir='ltr'>regia</span> <span class='ocrx_word' id='word_1_84' title='bbox 1270 1041 1505 1094; x_wconf 87' lang='lat' dir='ltr'>celsitudo,</span> <span class='ocrx_word' id='word_1_85' title='bbox 1537 1042 1657 1096; x_wconf 88' lang='lat' dir='ltr'>quod</span> <span class='ocrx_word' id='word_1_86' title='bbox 1679 1042 1768 1084; x_wconf 90' lang='lat' dir='ltr'>duo</span> <span class='ocrx_word' id='word_1_87' title='bbox 1789 1041 2042 1084; x_wconf 83' lang='lat' dir='ltr'>Januenses</span> 
     </span>
     <span class='ocr_line' id='line_1_13' title="bbox 419 1111 2042 1171; baseline -0.001 -14"><span class='ocrx_word' id='word_1_88' title='bbox 419 1116 473 1158; x_wconf 89' lang='lat' dir='ltr'>de</span> <span class='ocrx_word' id='word_1_89' title='bbox 513 1117 646 1171; x_wconf 89' lang='lat' dir='ltr'>parte</span> <span class='ocrx_word' id='word_1_90' title='bbox 688 1115 1043 1157; x_wconf 79' lang='lat' dir='ltr'>extrinsecorum</span> <span class='ocrx_word' id='word_1_91' title='bbox 1080 1113 1290 1155; x_wconf 90' lang='lat' dir='ltr'>videlicet</span> <span class='ocrx_word' id='word_1_92' title='bbox 1323 1112 1478 1155; x_wconf 84' lang='lat' dir='ltr'>Simon</span> <span class='ocrx_word' id='word_1_93' title='bbox 1518 1112 1572 1154; x_wconf 91' lang='lat' dir='ltr'>de</span> <span class='ocrx_word' id='word_1_94' title='bbox 1604 1111 1714 1154; x_wconf 89' lang='lat' dir='ltr'>Oria</span> <span class='ocrx_word' id='word_1_95' title='bbox 1753 1114 1796 1154; x_wconf 96' lang='lat' dir='ltr'>et</span> <span class='ocrx_word' id='word_1_96' title='bbox 1827 1111 2042 1155; x_wconf 85' lang='lat' dir='ltr'>Nicolaus</span> 
     </span>
     <span class='ocr_line' id='line_1_14' title="bbox 418 1182 2042 1241; baseline -0.003 -13"><span class='ocrx_word' id='word_1_97' title='bbox 418 1187 471 1228; x_wconf 88' lang='lat' dir='ltr'>de</span> <span class='ocrx_word' id='word_1_98' title='bbox 504 1184 698 1241; x_wconf 89' lang='lat' dir='ltr'>Spillula</span> <span class='ocrx_word' id='word_1_99' title='bbox 737 1188 957 1227; x_wconf 88' lang='lat' dir='ltr'>venerunt</span> <span class='ocrx_word' id='word_1_100' title='bbox 998 1184 1174 1226; x_wconf 88' lang='lat' dir='ltr'>noviter</span> <span class='ocrx_word' id='word_1_101' title='bbox 1216 1184 1270 1225; x_wconf 89' lang='lat' dir='ltr'>de</span> <span class='ocrx_word' id='word_1_102' title='bbox 1310 1196 1418 1238; x_wconf 83' lang='lat' dir='ltr'>rege</span> <span class='ocrx_word' id='word_1_103' title='bbox 1460 1182 1649 1224; x_wconf 87' lang='lat' dir='ltr'>Francie</span> <span class='ocrx_word' id='word_1_104' title='bbox 1698 1183 1755 1224; x_wconf 90' lang='lat' dir='ltr'>ad</span> <span class='ocrx_word' id='word_1_105' title='bbox 1808 1183 2042 1224; x_wconf 86' lang='lat' dir='ltr'>dominum</span> 
     </span>
     <span class='ocr_line' id='line_1_15' title="bbox 416 1252 2044 1313; baseline -0.002 -15"><span class='ocrx_word' id='word_1_106' title='bbox 416 1269 586 1313; x_wconf 89' lang='lat' dir='ltr'>papam</span> <span class='ocrx_word' id='word_1_107' title='bbox 620 1259 665 1298; x_wconf 90' lang='lat' dir='ltr'>et</span> <span class='ocrx_word' id='word_1_108' title='bbox 697 1256 812 1298; x_wconf 86' lang='lat' dir='ltr'>alter</span> <span class='ocrx_word' id='word_1_109' title='bbox 845 1269 999 1298; x_wconf 89' lang='lat' dir='ltr'>eorum</span> <span class='ocrx_word' id='word_1_110' title='bbox 1032 1253 1204 1297; x_wconf 88' lang='lat' dir='ltr'>scilicet</span> <span class='ocrx_word' id='word_1_111' title='bbox 1237 1253 1393 1296; x_wconf 85' lang='lat' dir='ltr'>Simon</span> <span class='ocrx_word' id='word_1_112' title='bbox 1428 1254 1481 1295; x_wconf 90' lang='lat' dir='ltr'>de</span> <span class='ocrx_word' id='word_1_113' title='bbox 1515 1252 1625 1295; x_wconf 87' lang='lat' dir='ltr'>Oria</span> <span class='ocrx_word' id='word_1_114' title='bbox 1650 1253 1872 1294; x_wconf 83' lang='lat' dir='ltr'>remansit</span> <span class='ocrx_word' id='word_1_115' title='bbox 1903 1252 1977 1296; x_wconf 89' lang='lat' dir='ltr'>hic</span> <span class='ocrx_word' id='word_1_116' title='bbox 2000 1256 2044 1295; x_wconf 88' lang='lat' dir='ltr'>et</span> 
     </span>
     <span class='ocr_line' id='line_1_16' title="bbox 418 1322 2042 1382; baseline -0.002 -13"><span class='ocrx_word' id='word_1_117' title='bbox 418 1340 494 1369; x_wconf 92' lang='lat' dir='ltr'>me</span> <span class='ocrx_word' id='word_1_118' title='bbox 525 1328 734 1382; x_wconf 83' lang='lat' dir='ltr'>presente</span> <span class='ocrx_word' id='word_1_119' title='bbox 780 1326 968 1368; x_wconf 87' lang='lat' dir='ltr'>intravit</span> <span class='ocrx_word' id='word_1_120' title='bbox 1014 1325 1084 1367; x_wconf 91' lang='lat' dir='ltr'>bis</span> <span class='ocrx_word' id='word_1_121' title='bbox 1130 1325 1187 1367; x_wconf 91' lang='lat' dir='ltr'>ad</span> <span class='ocrx_word' id='word_1_122' title='bbox 1219 1325 1451 1367; x_wconf 87' lang='lat' dir='ltr'>dominum</span> <span class='ocrx_word' id='word_1_123' title='bbox 1495 1336 1665 1379; x_wconf 85' lang='lat' dir='ltr'>papam</span> <span class='ocrx_word' id='word_1_124' title='bbox 1707 1326 1764 1376; x_wconf 91' lang='lat' dir='ltr'>et,</span> <span class='ocrx_word' id='word_1_125' title='bbox 1802 1326 1852 1366; x_wconf 89' lang='lat' dir='ltr'>ut</span> <span class='ocrx_word' id='word_1_126' title='bbox 1884 1322 2042 1376; x_wconf 83' lang='lat' dir='ltr'>fertur,</span> 
     </span>
     <span class='ocr_line' id='line_1_17' title="bbox 418 1394 2044 1452; baseline -0.002 -12"><span class='ocrx_word' id='word_1_127' title='bbox 418 1400 588 1440; x_wconf 89' lang='lat' dir='ltr'>tractat</span> <span class='ocrx_word' id='word_1_128' title='bbox 632 1411 733 1440; x_wconf 89' lang='lat' dir='ltr'>cum</span> <span class='ocrx_word' id='word_1_129' title='bbox 778 1396 957 1439; x_wconf 91' lang='lat' dir='ltr'>domino</span> <span class='ocrx_word' id='word_1_130' title='bbox 1002 1409 1137 1452; x_wconf 87' lang='lat' dir='ltr'>papa,</span> <span class='ocrx_word' id='word_1_131' title='bbox 1185 1396 1305 1451; x_wconf 88' lang='lat' dir='ltr'>quod</span> <span class='ocrx_word' id='word_1_132' title='bbox 1348 1395 1532 1451; x_wconf 89' lang='lat' dir='ltr'>placeat</span> <span class='ocrx_word' id='word_1_133' title='bbox 1575 1394 1663 1437; x_wconf 88' lang='lat' dir='ltr'>sibi</span> <span class='ocrx_word' id='word_1_134' title='bbox 1705 1394 1945 1449; x_wconf 90' lang='lat' dir='ltr'>providere</span> <span class='ocrx_word' id='word_1_135' title='bbox 1990 1395 2044 1437; x_wconf 92' lang='lat' dir='ltr'>de</span> 
     </span>
     <span class='ocr_line' id='line_1_18' title="bbox 417 1465 2045 1523; baseline -0.002 -12"><span class='ocrx_word' id='word_1_136' title='bbox 417 1468 619 1511; x_wconf 90' lang='lat' dir='ltr'>remedio</span> <span class='ocrx_word' id='word_1_137' title='bbox 667 1470 904 1523; x_wconf 83' lang='lat' dir='ltr'>oportuno,</span> <span class='ocrx_word' id='word_1_138' title='bbox 954 1467 1074 1522; x_wconf 87' lang='lat' dir='ltr'>quod</span> <span class='ocrx_word' id='word_1_139' title='bbox 1121 1469 1216 1508; x_wconf 90' lang='lat' dir='ltr'>tam</span> <span class='ocrx_word' id='word_1_140' title='bbox 1263 1465 1547 1509; x_wconf 89' lang='lat' dir='ltr'>honorabilis</span> <span class='ocrx_word' id='word_1_141' title='bbox 1581 1465 1756 1518; x_wconf 89' lang='lat' dir='ltr'>civitas,</span> <span class='ocrx_word' id='word_1_142' title='bbox 1811 1465 1928 1507; x_wconf 88' lang='lat' dir='ltr'>sicut</span> <span class='ocrx_word' id='word_1_143' title='bbox 1975 1468 2045 1508; x_wconf 87' lang='lat' dir='ltr'>est</span> 
     </span>
     <span class='ocr_line' id='line_1_19' title="bbox 417 1536 2044 1593; baseline -0.001 -13"><span class='ocrx_word' id='word_1_144' title='bbox 417 1539 579 1592; x_wconf 84' lang='lat' dir='ltr'>Janua,</span> <span class='ocrx_word' id='word_1_145' title='bbox 623 1541 667 1580; x_wconf 91' lang='lat' dir='ltr'>et</span> <span class='ocrx_word' id='word_1_146' title='bbox 707 1541 802 1580; x_wconf 91' lang='lat' dir='ltr'>tam</span> <span class='ocrx_word' id='word_1_147' title='bbox 842 1538 1099 1580; x_wconf 88' lang='lat' dir='ltr'>necessaria</span> <span class='ocrx_word' id='word_1_148' title='bbox 1143 1541 1186 1580; x_wconf 90' lang='lat' dir='ltr'>et</span> <span class='ocrx_word' id='word_1_149' title='bbox 1224 1537 1350 1579; x_wconf 85' lang='lat' dir='ltr'>utilis</span> <span class='ocrx_word' id='word_1_150' title='bbox 1382 1536 1599 1593; x_wconf 84' lang='lat' dir='ltr'>passagio</span> <span class='ocrx_word' id='word_1_151' title='bbox 1632 1536 1769 1578; x_wconf 86' lang='lat' dir='ltr'>Terre</span> <span class='ocrx_word' id='word_1_152' title='bbox 1801 1539 1970 1589; x_wconf 83' lang='lat' dir='ltr'>sancte,</span> <span class='ocrx_word' id='word_1_153' title='bbox 2005 1536 2044 1578; x_wconf 85' lang='lat' dir='ltr'>si</span> 
     </span>
     <span class='ocr_line' id='line_1_20' title="bbox 417 1607 2043 1664; baseline -0.001 -13"><span class='ocrx_word' id='word_1_154' title='bbox 417 1609 562 1662; x_wconf 88' lang='lat' dir='ltr'>fieret,</span> <span class='ocrx_word' id='word_1_155' title='bbox 601 1622 690 1651; x_wconf 92' lang='lat' dir='ltr'>non</span> <span class='ocrx_word' id='word_1_156' title='bbox 723 1609 787 1651; x_wconf 90' lang='lat' dir='ltr'>sic</span> <span class='ocrx_word' id='word_1_157' title='bbox 826 1608 1020 1664; x_wconf 88' lang='lat' dir='ltr'>amplius</span> <span class='ocrx_word' id='word_1_158' title='bbox 1053 1609 1334 1651; x_wconf 83' lang='lat' dir='ltr'>destruatur.</span> <span class='ocrx_word' id='word_1_159' title='bbox 1396 1608 1528 1649; x_wconf 82' lang='lat' dir='ltr'>Alter</span> <span class='ocrx_word' id='word_1_160' title='bbox 1563 1620 1668 1649; x_wconf 90' lang='lat' dir='ltr'>vero</span> <span class='ocrx_word' id='word_1_161' title='bbox 1708 1607 1880 1650; x_wconf 88' lang='lat' dir='ltr'>scilicet</span> <span class='ocrx_word' id='word_1_162' title='bbox 1910 1607 2043 1649; x_wconf 88' lang='lat' dir='ltr'>Nico-</span> 
     </span>
     <span class='ocr_line' id='line_1_21' title="bbox 417 1677 2045 1735; baseline -0.002 -12"><span class='ocrx_word' id='word_1_163' title='bbox 417 1680 520 1723; x_wconf 87' lang='lat' dir='ltr'>laus</span> <span class='ocrx_word' id='word_1_164' title='bbox 567 1681 619 1722; x_wconf 90' lang='lat' dir='ltr'>de</span> <span class='ocrx_word' id='word_1_165' title='bbox 668 1678 860 1735; x_wconf 86' lang='lat' dir='ltr'>Spillula</span> <span class='ocrx_word' id='word_1_166' title='bbox 902 1679 1007 1721; x_wconf 89' lang='lat' dir='ltr'>hinc</span> <span class='ocrx_word' id='word_1_167' title='bbox 1049 1679 1238 1722; x_wconf 87' lang='lat' dir='ltr'>recessit</span> <span class='ocrx_word' id='word_1_168' title='bbox 1282 1681 1326 1720; x_wconf 90' lang='lat' dir='ltr'>et</span> <span class='ocrx_word' id='word_1_169' title='bbox 1372 1679 1618 1721; x_wconf 89' lang='lat' dir='ltr'>secundum</span> <span class='ocrx_word' id='word_1_170' title='bbox 1662 1677 1839 1733; x_wconf 87' lang='lat' dir='ltr'>aliquos</span> <span class='ocrx_word' id='word_1_171' title='bbox 1878 1678 2045 1720; x_wconf 80' lang='lat' dir='ltr'>direxit</span> 
     </span>
     <span class='ocr_line' id='line_1_22' title="bbox 419 1749 2044 1807; baseline -0.002 -14"><span class='ocrx_word' id='word_1_172' title='bbox 419 1764 606 1807; x_wconf 83' lang='lat' dir='ltr'>gressus</span> <span class='ocrx_word' id='word_1_173' title='bbox 645 1763 750 1793; x_wconf 88' lang='lat' dir='ltr'>suos</span> <span class='ocrx_word' id='word_1_174' title='bbox 786 1751 842 1792; x_wconf 87' lang='lat' dir='ltr'>ad</span> <span class='ocrx_word' id='word_1_175' title='bbox 876 1750 1229 1793; x_wconf 85' lang='lat' dir='ltr'>dominationem</span> <span class='ocrx_word' id='word_1_176' title='bbox 1260 1752 1477 1802; x_wconf 88' lang='lat' dir='ltr'>vestram,</span> <span class='ocrx_word' id='word_1_177' title='bbox 1512 1750 1757 1791; x_wconf 91' lang='lat' dir='ltr'>secundum</span> <span class='ocrx_word' id='word_1_178' title='bbox 1790 1761 1895 1791; x_wconf 91' lang='lat' dir='ltr'>vero</span> <span class='ocrx_word' id='word_1_179' title='bbox 1929 1749 2044 1791; x_wconf 90' lang='lat' dir='ltr'>alios</span> 
     </span>
     <span class='ocr_line' id='line_1_23' title="bbox 419 1819 1900 1864; baseline -0.001 -1"><span class='ocrx_word' id='word_1_180' title='bbox 419 1821 504 1864; x_wconf 91' lang='lat' dir='ltr'>ivit</span> <span class='ocrx_word' id='word_1_181' title='bbox 537 1822 593 1864; x_wconf 88' lang='lat' dir='ltr'>ad</span> <span class='ocrx_word' id='word_1_182' title='bbox 626 1821 855 1864; x_wconf 91' lang='lat' dir='ltr'>dominum</span> <span class='ocrx_word' id='word_1_183' title='bbox 888 1822 1088 1863; x_wconf 87' lang='lat' dir='ltr'>Mateum</span> <span class='ocrx_word' id='word_1_184' title='bbox 1120 1820 1470 1863; x_wconf 83' lang='lat' dir='ltr'>Viccecomitem</span> <span class='ocrx_word' id='word_1_185' title='bbox 1505 1819 1900 1862; x_wconf 83' lang='lat' dir='ltr'>Mediolanensem.</span> 
     </span>
    </p>
   </div>
   <div class='ocr_carea' id='block_1_4' title="bbox 418 1902 2048 3006">
    <p class='ocr_par' dir='ltr' id='par_1_4' title="bbox 418 1902 2048 3006">
     <span class='ocr_line' id='line_1_24' title="bbox 561 1902 2045 1958; baseline -0.001 -13"><span class='ocrx_word' id='word_1_186' title='bbox 561 1904 676 1946; x_wconf 89' lang='lat' dir='ltr'>Item</span> <span class='ocrx_word' id='word_1_187' title='bbox 718 1903 831 1945; x_wconf 71' lang='lat' dir='ltr'>dixit</span> <span class='ocrx_word' id='word_1_188' title='bbox 870 1903 1008 1945; x_wconf 91' lang='lat' dir='ltr'>michi</span> <span class='ocrx_word' id='word_1_189' title='bbox 1052 1903 1259 1946; x_wconf 87' lang='lat' dir='ltr'>dominus</span> <span class='ocrx_word' id='word_1_190' title='bbox 1292 1902 1536 1958; x_wconf 68' lang='lat' dir='ltr'>Neapoleo,</span> <span class='ocrx_word' id='word_1_191' title='bbox 1579 1903 1699 1957; x_wconf 87' lang='lat' dir='ltr'>quod</span> <span class='ocrx_word' id='word_1_192' title='bbox 1732 1902 1932 1945; x_wconf 88' lang='lat' dir='ltr'>sindicus</span> <span class='ocrx_word' id='word_1_193' title='bbox 1965 1914 2045 1944; x_wconf 90' lang='lat' dir='ltr'>seu</span> 
     </span>
     <span class='ocr_line' id='line_1_25' title="bbox 418 1973 2046 2030; baseline 0 -14"><span class='ocrx_word' id='word_1_194' title='bbox 418 1977 690 2030; x_wconf 82' lang='lat' dir='ltr'>procurator</span> <span class='ocrx_word' id='word_1_195' title='bbox 729 1974 936 2027; x_wconf 82' lang='lat' dir='ltr'>Pisanus,</span> <span class='ocrx_word' id='word_1_196' title='bbox 977 1974 1057 2029; x_wconf 88' lang='lat' dir='ltr'>qui</span> <span class='ocrx_word' id='word_1_197' title='bbox 1102 1976 1170 2017; x_wconf 87' lang='lat' dir='ltr'>est</span> <span class='ocrx_word' id='word_1_198' title='bbox 1210 1974 1296 2026; x_wconf 88' lang='lat' dir='ltr'>hic,</span> <span class='ocrx_word' id='word_1_199' title='bbox 1339 1974 1461 2016; x_wconf 89' lang='lat' dir='ltr'>venit</span> <span class='ocrx_word' id='word_1_200' title='bbox 1504 1975 1560 2016; x_wconf 90' lang='lat' dir='ltr'>ad</span> <span class='ocrx_word' id='word_1_201' title='bbox 1594 1987 1695 2016; x_wconf 92' lang='lat' dir='ltr'>eum</span> <span class='ocrx_word' id='word_1_202' title='bbox 1735 1977 1778 2016; x_wconf 92' lang='lat' dir='ltr'>et</span> <span class='ocrx_word' id='word_1_203' title='bbox 1810 1974 1926 2016; x_wconf 78' lang='lat' dir='ltr'>dixit</span> <span class='ocrx_word' id='word_1_204' title='bbox 1958 1973 2046 2016; x_wconf 91' lang='lat' dir='ltr'>sibi</span> 
     </span>
     <span class='ocr_line' id='line_1_26' title="bbox 418 2044 2045 2100; baseline -0.001 -13"><span class='ocrx_word' id='word_1_205' title='bbox 418 2045 636 2100; x_wconf 83' lang='lat' dir='ltr'>rogando,</span> <span class='ocrx_word' id='word_1_206' title='bbox 671 2046 790 2100; x_wconf 84' lang='lat' dir='ltr'>quod</span> <span class='ocrx_word' id='word_1_207' title='bbox 812 2045 922 2100; x_wconf 85' lang='lat' dir='ltr'>ipse,</span> <span class='ocrx_word' id='word_1_208' title='bbox 958 2045 1035 2100; x_wconf 88' lang='lat' dir='ltr'>qui</span> <span class='ocrx_word' id='word_1_209' title='bbox 1058 2048 1155 2087; x_wconf 88' lang='lat' dir='ltr'>erat</span> <span class='ocrx_word' id='word_1_210' title='bbox 1179 2044 1352 2086; x_wconf 90' lang='lat' dir='ltr'>amicus</span> <span class='ocrx_word' id='word_1_211' title='bbox 1374 2048 1524 2087; x_wconf 88' lang='lat' dir='ltr'>vester</span> <span class='ocrx_word' id='word_1_212' title='bbox 1549 2048 1592 2086; x_wconf 90' lang='lat' dir='ltr'>et</span> <span class='ocrx_word' id='word_1_213' title='bbox 1615 2044 1752 2086; x_wconf 89' lang='lat' dir='ltr'>etiam</span> <span class='ocrx_word' id='word_1_214' title='bbox 1773 2045 2045 2087; x_wconf 85' lang='lat' dir='ltr'>Pisanorum</span> 
     </span>
     <span class='ocr_line' id='line_1_27' title="bbox 419 2115 2046 2171; baseline -0.001 -13"><span class='ocrx_word' id='word_1_215' title='bbox 419 2118 639 2158; x_wconf 82' lang='lat' dir='ltr'>tractaret</span> <span class='ocrx_word' id='word_1_216' title='bbox 676 2116 908 2159; x_wconf 87' lang='lat' dir='ltr'>vobiscum</span> <span class='ocrx_word' id='word_1_217' title='bbox 954 2117 1007 2158; x_wconf 94' lang='lat' dir='ltr'>de</span> <span class='ocrx_word' id='word_1_218' title='bbox 1050 2129 1162 2171; x_wconf 88' lang='lat' dir='ltr'>pace</span> <span class='ocrx_word' id='word_1_219' title='bbox 1209 2115 1328 2158; x_wconf 91' lang='lat' dir='ltr'>inter</span> <span class='ocrx_word' id='word_1_220' title='bbox 1375 2128 1452 2157; x_wconf 88' lang='lat' dir='ltr'>vos</span> <span class='ocrx_word' id='word_1_221' title='bbox 1499 2118 1542 2157; x_wconf 92' lang='lat' dir='ltr'>et</span> <span class='ocrx_word' id='word_1_222' title='bbox 1583 2115 1709 2171; x_wconf 87' lang='lat' dir='ltr'>ipsos</span> <span class='ocrx_word' id='word_1_223' title='bbox 1750 2116 1955 2168; x_wconf 88' lang='lat' dir='ltr'>Pisanos,</span> <span class='ocrx_word' id='word_1_224' title='bbox 2002 2117 2046 2157; x_wconf 90' lang='lat' dir='ltr'>et</span> 
     </span>
     <span class='ocr_line' id='line_1_28' title="bbox 422 2185 2045 2242; baseline 0 -14"><span class='ocrx_word' id='word_1_225' title='bbox 422 2188 541 2242; x_wconf 91' lang='lat' dir='ltr'>quod</span> <span class='ocrx_word' id='word_1_226' title='bbox 572 2186 660 2242; x_wconf 85' lang='lat' dir='ltr'>ipsi</span> <span class='ocrx_word' id='word_1_227' title='bbox 685 2186 837 2229; x_wconf 88' lang='lat' dir='ltr'>Pisani</span> <span class='ocrx_word' id='word_1_228' title='bbox 870 2188 1030 2229; x_wconf 88' lang='lat' dir='ltr'>darent</span> <span class='ocrx_word' id='word_1_229' title='bbox 1056 2186 1183 2229; x_wconf 89' lang='lat' dir='ltr'>vobis</span> <span class='ocrx_word' id='word_1_230' title='bbox 1215 2189 1390 2228; x_wconf 86' lang='lat' dir='ltr'>tantam</span> <span class='ocrx_word' id='word_1_231' title='bbox 1423 2186 1675 2241; x_wconf 85' lang='lat' dir='ltr'>pecuniam,</span> <span class='ocrx_word' id='word_1_232' title='bbox 1705 2187 1825 2241; x_wconf 87' lang='lat' dir='ltr'>quod</span> <span class='ocrx_word' id='word_1_233' title='bbox 1848 2185 2045 2241; x_wconf 86' lang='lat' dir='ltr'>possetis</span> 
     </span>
     <span class='ocr_line' id='line_1_29' title="bbox 419 2255 2042 2312; baseline 0 -13"><span class='ocrx_word' id='word_1_234' title='bbox 419 2257 636 2300; x_wconf 85' lang='lat' dir='ltr'>maiorem</span> <span class='ocrx_word' id='word_1_235' title='bbox 669 2260 839 2300; x_wconf 87' lang='lat' dir='ltr'>terram</span> <span class='ocrx_word' id='word_1_236' title='bbox 867 2256 1217 2300; x_wconf 86' lang='lat' dir='ltr'>Sarrecenorum</span> <span class='ocrx_word' id='word_1_237' title='bbox 1252 2257 1498 2312; x_wconf 77' lang='lat' dir='ltr'>acquirere,</span> <span class='ocrx_word' id='word_1_238' title='bbox 1533 2271 1669 2312; x_wconf 88' lang='lat' dir='ltr'>quam</span> <span class='ocrx_word' id='word_1_239' title='bbox 1703 2257 1762 2299; x_wconf 88' lang='lat' dir='ltr'>sit</span> <span class='ocrx_word' id='word_1_240' title='bbox 1785 2255 1972 2299; x_wconf 85' lang='lat' dir='ltr'>Corsica</span> <span class='ocrx_word' id='word_1_241' title='bbox 1998 2260 2042 2299; x_wconf 90' lang='lat' dir='ltr'>et</span> 
     </span>
     <span class='ocr_line' id='line_1_30' title="bbox 421 2327 2041 2384; baseline -0.001 -14"><span class='ocrx_word' id='word_1_242' title='bbox 421 2327 652 2370; x_wconf 86' lang='lat' dir='ltr'>Sardinea.</span> <span class='ocrx_word' id='word_1_243' title='bbox 705 2329 763 2370; x_wconf 88' lang='lat' dir='ltr'>Et</span> <span class='ocrx_word' id='word_1_244' title='bbox 786 2329 906 2384; x_wconf 82' lang='lat' dir='ltr'>quod</span> <span class='ocrx_word' id='word_1_245' title='bbox 927 2328 1162 2384; x_wconf 88' lang='lat' dir='ltr'>respondit</span> <span class='ocrx_word' id='word_1_246' title='bbox 1189 2328 1289 2381; x_wconf 81' lang='lat' dir='ltr'>sibi,</span> <span class='ocrx_word' id='word_1_247' title='bbox 1323 2328 1442 2383; x_wconf 83' lang='lat' dir='ltr'>quod</span> <span class='ocrx_word' id='word_1_248' title='bbox 1474 2328 1571 2383; x_wconf 87' lang='lat' dir='ltr'>ipse</span> <span class='ocrx_word' id='word_1_249' title='bbox 1599 2342 1689 2370; x_wconf 90' lang='lat' dir='ltr'>non</span> <span class='ocrx_word' id='word_1_250' title='bbox 1711 2327 2041 2370; x_wconf 87' lang='lat' dir='ltr'>intromitteret</span> 
     </span>
     <span class='ocr_line' id='line_1_31' title="bbox 421 2398 2043 2454; baseline -0.001 -13"><span class='ocrx_word' id='word_1_251' title='bbox 421 2412 482 2450; x_wconf 90' lang='lat' dir='ltr'>se,</span> <span class='ocrx_word' id='word_1_252' title='bbox 523 2403 833 2441; x_wconf 87' lang='lat' dir='ltr'>verumtamen</span> <span class='ocrx_word' id='word_1_253' title='bbox 867 2399 979 2441; x_wconf 83' lang='lat' dir='ltr'>dixit</span> <span class='ocrx_word' id='word_1_254' title='bbox 1017 2399 1153 2440; x_wconf 91' lang='lat' dir='ltr'>michi</span> <span class='ocrx_word' id='word_1_255' title='bbox 1184 2399 1490 2454; x_wconf 84' lang='lat' dir='ltr'>postmodum,</span> <span class='ocrx_word' id='word_1_256' title='bbox 1525 2399 1658 2454; x_wconf 88' lang='lat' dir='ltr'>quod,</span> <span class='ocrx_word' id='word_1_257' title='bbox 1693 2398 1731 2442; x_wconf 89' lang='lat' dir='ltr'>si</span> <span class='ocrx_word' id='word_1_258' title='bbox 1765 2412 1846 2454; x_wconf 82' lang='lat' dir='ltr'>ego</span> <span class='ocrx_word' id='word_1_259' title='bbox 1880 2398 2043 2440; x_wconf 81' lang='lat' dir='ltr'>scirem</span> 
     </span>
     <span class='ocr_line' id='line_1_32' title="bbox 423 2469 2039 2525; baseline 0 -15"><span class='ocrx_word' id='word_1_260' title='bbox 423 2469 617 2524; x_wconf 86' lang='lat' dir='ltr'>aliquem</span> <span class='ocrx_word' id='word_1_261' title='bbox 658 2470 825 2512; x_wconf 84' lang='lat' dir='ltr'>bonum</span> <span class='ocrx_word' id='word_1_262' title='bbox 856 2473 1118 2522; x_wconf 85' lang='lat' dir='ltr'>tractatum,</span> <span class='ocrx_word' id='word_1_263' title='bbox 1163 2469 1239 2525; x_wconf 89' lang='lat' dir='ltr'>qui</span> <span class='ocrx_word' id='word_1_264' title='bbox 1272 2470 1449 2511; x_wconf 87' lang='lat' dir='ltr'>cederet</span> <span class='ocrx_word' id='word_1_265' title='bbox 1486 2469 1533 2511; x_wconf 87' lang='lat' dir='ltr'>in</span> <span class='ocrx_word' id='word_1_266' title='bbox 1572 2470 1789 2512; x_wconf 88' lang='lat' dir='ltr'>honorem</span> <span class='ocrx_word' id='word_1_267' title='bbox 1821 2472 2039 2521; x_wconf 85' lang='lat' dir='ltr'>vestrum,</span> 
     </span>
     <span class='ocr_line' id='line_1_33' title="bbox 420 2540 2045 2595; baseline 0 -14"><span class='ocrx_word' id='word_1_268' title='bbox 420 2540 518 2595; x_wconf 89' lang='lat' dir='ltr'>ipse</span> <span class='ocrx_word' id='word_1_269' title='bbox 549 2540 739 2582; x_wconf 84' lang='lat' dir='ltr'>libenter</span> <span class='ocrx_word' id='word_1_270' title='bbox 771 2541 1015 2593; x_wconf 82' lang='lat' dir='ltr'>laboraret,</span> <span class='ocrx_word' id='word_1_271' title='bbox 1050 2540 1163 2583; x_wconf 88' lang='lat' dir='ltr'>alias</span> <span class='ocrx_word' id='word_1_272' title='bbox 1196 2553 1297 2582; x_wconf 90' lang='lat' dir='ltr'>non.</span> <span class='ocrx_word' id='word_1_273' title='bbox 1350 2540 1447 2595; x_wconf 84' lang='lat' dir='ltr'>Ego</span> <span class='ocrx_word' id='word_1_274' title='bbox 1482 2543 1634 2582; x_wconf 90' lang='lat' dir='ltr'>autem</span> <span class='ocrx_word' id='word_1_275' title='bbox 1668 2540 1763 2582; x_wconf 78' lang='lat' dir='ltr'>dixi</span> <span class='ocrx_word' id='word_1_276' title='bbox 1790 2540 1890 2592; x_wconf 90' lang='lat' dir='ltr'>sibi,</span> <span class='ocrx_word' id='word_1_277' title='bbox 1925 2540 2045 2595; x_wconf 86' lang='lat' dir='ltr'>quod</span> 
     </span>
     <span class='ocr_line' id='line_1_34' title="bbox 421 2610 2043 2666; baseline -0.001 -14"><span class='ocrx_word' id='word_1_278' title='bbox 421 2623 510 2652; x_wconf 90' lang='lat' dir='ltr'>non</span> <span class='ocrx_word' id='word_1_279' title='bbox 540 2610 749 2653; x_wconf 83' lang='lat' dir='ltr'>videbam</span> <span class='ocrx_word' id='word_1_280' title='bbox 792 2611 929 2654; x_wconf 89' lang='lat' dir='ltr'>alium</span> <span class='ocrx_word' id='word_1_281' title='bbox 972 2612 1141 2653; x_wconf 91' lang='lat' dir='ltr'>bonum</span> <span class='ocrx_word' id='word_1_282' title='bbox 1173 2614 1435 2663; x_wconf 88' lang='lat' dir='ltr'>tractatum,</span> <span class='ocrx_word' id='word_1_283' title='bbox 1478 2611 1566 2653; x_wconf 88' lang='lat' dir='ltr'>nisi</span> <span class='ocrx_word' id='word_1_284' title='bbox 1609 2612 1728 2666; x_wconf 83' lang='lat' dir='ltr'>quod</span> <span class='ocrx_word' id='word_1_285' title='bbox 1762 2610 2043 2653; x_wconf 87' lang='lat' dir='ltr'>dimitterent</span> 
     </span>
     <span class='ocr_line' id='line_1_35' title="bbox 422 2680 2047 2738; baseline -0.001 -15"><span class='ocrx_word' id='word_1_286' title='bbox 422 2680 551 2723; x_wconf 88' lang='lat' dir='ltr'>vobis</span> <span class='ocrx_word' id='word_1_287' title='bbox 594 2680 766 2725; x_wconf 88' lang='lat' dir='ltr'>insulas</span> <span class='ocrx_word' id='word_1_288' title='bbox 812 2686 855 2724; x_wconf 89' lang='lat' dir='ltr'>et</span> <span class='ocrx_word' id='word_1_289' title='bbox 901 2683 1021 2738; x_wconf 88' lang='lat' dir='ltr'>quod</span> <span class='ocrx_word' id='word_1_290' title='bbox 1064 2681 1382 2724; x_wconf 87' lang='lat' dir='ltr'>submitterent</span> <span class='ocrx_word' id='word_1_291' title='bbox 1431 2694 1478 2723; x_wconf 86' lang='lat' dir='ltr'>se</span> <span class='ocrx_word' id='word_1_292' title='bbox 1526 2681 1677 2736; x_wconf 82' lang='lat' dir='ltr'>gracie</span> <span class='ocrx_word' id='word_1_293' title='bbox 1715 2685 1877 2724; x_wconf 83' lang='lat' dir='ltr'>vestre.</span> <span class='ocrx_word' id='word_1_294' title='bbox 1941 2680 2047 2723; x_wconf 62' lang='lat' dir='ltr'>Duxi</span> 
     </span>
     <span class='ocr_line' id='line_1_36' title="bbox 424 2750 2048 2807; baseline -0.001 -13"><span class='ocrx_word' id='word_1_295' title='bbox 424 2751 559 2794; x_wconf 89' lang='lat' dir='ltr'>etiam</span> <span class='ocrx_word' id='word_1_296' title='bbox 607 2751 705 2804; x_wconf 88' lang='lat' dir='ltr'>sibi,</span> <span class='ocrx_word' id='word_1_297' title='bbox 755 2753 874 2807; x_wconf 87' lang='lat' dir='ltr'>quod</span> <span class='ocrx_word' id='word_1_298' title='bbox 925 2752 1050 2794; x_wconf 91' lang='lat' dir='ltr'>nullo</span> <span class='ocrx_word' id='word_1_299' title='bbox 1103 2752 1236 2794; x_wconf 91' lang='lat' dir='ltr'>modo</span> <span class='ocrx_word' id='word_1_300' title='bbox 1291 2752 1606 2794; x_wconf 87' lang='lat' dir='ltr'>consentiretis</span> <span class='ocrx_word' id='word_1_301' title='bbox 1659 2751 1877 2794; x_wconf 88' lang='lat' dir='ltr'>tractatui</span> <span class='ocrx_word' id='word_1_302' title='bbox 1939 2750 2048 2793; x_wconf 90' lang='lat' dir='ltr'>dicti</span> 
     </span>
     <span class='ocr_line' id='line_1_37' title="bbox 422 2821 2047 2878; baseline -0.001 -15"><span class='ocrx_word' id='word_1_303' title='bbox 422 2822 747 2877; x_wconf 85' lang='lat' dir='ltr'>procuratoris,</span> <span class='ocrx_word' id='word_1_304' title='bbox 782 2823 900 2877; x_wconf 85' lang='lat' dir='ltr'>quia,</span> <span class='ocrx_word' id='word_1_305' title='bbox 935 2836 1035 2864; x_wconf 90' lang='lat' dir='ltr'>cum</span> <span class='ocrx_word' id='word_1_306' title='bbox 1062 2836 1088 2864; x_wconf 89' lang='lat' dir='ltr'>a</span> <span class='ocrx_word' id='word_1_307' title='bbox 1110 2822 1257 2877; x_wconf 86' lang='lat' dir='ltr'>longis</span> <span class='ocrx_word' id='word_1_308' title='bbox 1281 2825 1403 2865; x_wconf 90' lang='lat' dir='ltr'>retro</span> <span class='ocrx_word' id='word_1_309' title='bbox 1427 2823 1708 2878; x_wconf 87' lang='lat' dir='ltr'>temporibus</span> <span class='ocrx_word' id='word_1_310' title='bbox 1734 2835 1811 2864; x_wconf 87' lang='lat' dir='ltr'>vos</span> <span class='ocrx_word' id='word_1_311' title='bbox 1842 2821 2047 2863; x_wconf 89' lang='lat' dir='ltr'>intitula-</span> 
     </span>
     <span class='ocr_line' id='line_1_38' title="bbox 423 2891 2045 2948; baseline -0.001 -14"><span class='ocrx_word' id='word_1_312' title='bbox 423 2892 580 2935; x_wconf 88' lang='lat' dir='ltr'>veritis</span> <span class='ocrx_word' id='word_1_313' title='bbox 601 2906 754 2948; x_wconf 85' lang='lat' dir='ltr'>regem</span> <span class='ocrx_word' id='word_1_314' title='bbox 774 2891 955 2937; x_wconf 87' lang='lat' dir='ltr'>Corsice</span> <span class='ocrx_word' id='word_1_315' title='bbox 974 2895 1017 2935; x_wconf 91' lang='lat' dir='ltr'>et</span> <span class='ocrx_word' id='word_1_316' title='bbox 1036 2891 1241 2935; x_wconf 84' lang='lat' dir='ltr'>Sardinie</span> <span class='ocrx_word' id='word_1_317' title='bbox 1265 2907 1390 2935; x_wconf 90' lang='lat' dir='ltr'>more</span> <span class='ocrx_word' id='word_1_318' title='bbox 1413 2893 1757 2948; x_wconf 86' lang='lat' dir='ltr'>progenitorum</span> <span class='ocrx_word' id='word_1_319' title='bbox 1774 2895 2045 2945; x_wconf 84' lang='lat' dir='ltr'>vestrorum,</span> 
     </span>
     <span class='ocr_line' id='line_1_39' title="bbox 422 2962 1799 3006; baseline 0 -2"><span class='ocrx_word' id='word_1_320' title='bbox 422 2962 646 3006; x_wconf 88' lang='lat' dir='ltr'>volebatis</span> <span class='ocrx_word' id='word_1_321' title='bbox 680 2968 968 3006; x_wconf 86' lang='lat' dir='ltr'>aucmentare</span> <span class='ocrx_word' id='word_1_322' title='bbox 999 2963 1183 3006; x_wconf 89' lang='lat' dir='ltr'>titulum</span> <span class='ocrx_word' id='word_1_323' title='bbox 1218 2966 1262 3005; x_wconf 88' lang='lat' dir='ltr'>et</span> <span class='ocrx_word' id='word_1_324' title='bbox 1293 2963 1553 3006; x_wconf 88' lang='lat' dir='ltr'>nullatenus</span> <span class='ocrx_word' id='word_1_325' title='bbox 1585 2963 1799 3005; x_wconf 91' lang='lat' dir='ltr'>minuere.</span> 
     </span>
    </p>
   </div>
  </div>
 </body>
</html>
