2296 3512
856 183 1171 223 —897—

205 313 362 355 ricum.
426 312 579 366 Neque
624 310 740 352 enim
785 310 912 369 decet
956 322 1036 350 nec
1070 312 1217 351 tutum
1252 312 1389 361 esset,
1435 312 1587 351 tantos
1623 321 1674 350 ac
1707 308 1821 350 tales

206 382 446 439 principes,
479 381 524 422 in
557 381 644 423 hiis
677 380 929 434 presertim,
965 393 1049 434 que
1083 381 1137 421 ad
1166 379 1299 421 fidem
1322 380 1561 433 pertinent,
1595 378 1822 434 negligere

205 452 375 495 famam
420 464 548 494 suam
593 455 637 492 et
680 450 941 505 impositam
987 449 1073 492 sibi
1117 450 1394 491 mendaciter
1438 454 1481 492 et
1522 455 1615 491 tam
1648 449 1823 491 notorie

205 523 430 565 maculam
471 534 552 576 pro
585 520 757 563 viribus
789 534 878 562 non
912 519 1072 561 delere.
1136 520 1275 562 Porro
1309 520 1346 563 si
1379 520 1499 562 dicto
1535 520 1821 563 dominorum

206 592 504 635 cardinalium
549 591 737 646 collegio
784 594 827 633 et
860 604 1076 645 germano
1111 594 1273 641 vestro,
1317 591 1434 645 quod
1479 591 1625 633 simile
1670 590 1823 641 faciat,

208 662 495 706 decreveritis
518 662 728 713 scribere,
751 665 801 703 ut
825 664 1050 716 putamus,
1074 674 1236 702 nomen
1258 664 1477 712 nostrum,
1497 665 1540 703 et
1559 662 1678 717 quod
1699 661 1824 703 vobis

206 735 297 777 ista
328 733 692 785 revelaverimus,
725 732 904 786 placeat
930 732 974 773 in
997 732 1229 774 mittendis
1262 732 1426 774 litteris
1459 733 1693 775 subticere.
1743 732 1825 773 Po-

207 804 338 847 testis
384 807 535 846 autem
579 804 622 845 in
668 803 871 858 generali
915 803 1083 854 dicere,
1130 803 1353 857 quomodo
1399 816 1478 856 per
1517 803 1739 857 quendam
1772 803 1825 844 de

207 875 514 917 cardinalibus
548 874 741 916 amicum
774 876 976 915 vestrum
1009 876 1052 915 et
1085 874 1199 915 bone
1231 872 1350 914 fame
1383 877 1531 915 vestre
1558 887 1609 915 ac
1631 872 1825 915 nominis

207 947 451 988 zelatorem
484 945 595 986 talia
628 946 683 987 ad
717 948 914 987 vestram
944 943 1219 986 audientiam
1247 948 1350 985 sunt
1378 944 1540 985 delata.
1590 944 1692 985 Dat.
1715 943 1825 985 Aui-

205 1017 338 1059 nione
371 1016 442 1058 die
474 1016 612 1057 XXV.
648 1015 872 1057 Octobris.

349 1086 438 1121 CRD
465 1086 619 1129 Separat.
671 1086 728 1121 Or.
756 1086 837 1129 Pap.
865 1085 940 1128 Ssp.

207 1219 305 1260 573.
325 1216 482 1271 Konig
504 1216 751 1259 Friedrich
774 1229 829 1257 an
854 1217 883 1259 J
887 1228 1016 1271 ayme
1038 1216 1125 1257 IL:
1149 1215 1381 1269 Empfang
1403 1215 1567 1257 zweier
1583 1214 1826 1264 Traktate;

208 1288 341 1331 Dank
380 1288 460 1330 fiir
490 1288 674 1342 Jaymes
713 1285 860 1339 Serge
898 1286 979 1328 fiir
1017 1288 1145 1328 seine
1182 1287 1326 1335 Ehre3
1366 1286 1468 1327 halt
1506 1297 1555 1327 es
1598 1285 1679 1327 fiir
1720 1285 1829 1326 sehr

207 1359 444 1407 wertvoll,
492 1359 596 1400 dass
648 1358 780 1400 beide
828 1356 999 1399 Sti'icke
1052 1358 1189 1399 hoch-
1240 1357 1333 1399 und
1386 1356 1829 1409 niedriggestellten

207 1429 425 1473 Christen
457 1430 661 1472 beka-mit
689 1428 933 1482 geworden
966 1428 1089 1477 sind;
1124 1428 1228 1469 dass
1261 1429 1328 1469 sie
1359 1440 1447 1471 von
1475 1426 1588 1469 Gott
1614 1427 1733 1480 sind,
1760 1438 1829 1468 er·

210 1502 313 1555 gibt
344 1501 444 1543 sich
484 1500 666 1549 daraus,
708 1499 747 1541 1.
779 1500 883 1541 dass
916 1500 985 1540 sie
1023 1498 1097 1540 die
1136 1497 1343 1541 Schiiden
1390 1498 1473 1540 der
1511 1497 1831 1540 Christenheit

207 1572 491 1625 blosslegen,
524 1572 565 1612 ⁶2.
594 1571 698 1612 dass
731 1572 810 1619 sie,
853 1570 1069 1623 obgleich
1108 1569 1356 1611 inhaltlich
1402 1569 1517 1622 einS,
1564 1568 1709 1610 durch
1755 1567 1830 1609 die

210 1642 538 1687 verschiedene
559 1643 698 1684 Form
728 1641 827 1683 sich
852 1654 908 1682 an
933 1641 1104 1683 Klerus
1127 1640 1221 1682 und
1243 1641 1386 1682 Laien
1419 1640 1622 1682 wenden.
1684 1639 1752 1681 Da
1779 1640 1829 1680 in

208 1713 377 1757 beiden
401 1713 566 1755 betont
587 1713 665 1762 ist,
700 1712 805 1755 dass
828 1723 880 1753 er
906 1711 1023 1753 nach
1046 1711 1129 1753 der
1151 1711 1506 1764 evangelischen
1528 1710 1674 1763 Regel
1694 1710 1830 1751 leben

208 1785 366 1837 welle,
414 1784 532 1826 solle
579 1784 741 1838 Jayme
787 1783 867 1824 fiir
912 1783 996 1824 ihn
1043 1783 1201 1834 beten,
1249 1781 1353 1824 dass
1401 1793 1449 1823 es
1496 1782 1596 1823 sich
1643 1780 1829 1823 erfi'ille.

692 1854 890 1896 Messina
926 1852 1033 1894 1311
1066 1853 1244 1896 Januar
1277 1853 1345 1893 10.

353 1948 571 2000 Vidimus,
606 1948 861 1999 reverende,
896 1947 1050 1999 frater,
1095 1953 1137 1989 et
1170 1947 1258 1989 leto
1292 1947 1425 1988 corde
1457 1946 1707 2002 recepimus
1743 1946 1829 1987 duo

210 2023 498 2075 transumpta
524 2032 601 2061 seu
630 2020 912 2072 tractatusl),
941 2032 1133 2073 quorum
1156 2032 1291 2059 unum
1320 2018 1365 2059 in
1382 2017 1543 2059 Latino
1569 2020 1612 2059 et
1639 2017 1830 2058 alterum

209 2091 257 2133 in
289 2091 467 2145 wilgari
507 2104 650 2145 nuper
692 2090 822 2132 nobis
864 2089 1014 2145 sigillo
1047 2092 1199 2131 vestro
1241 2089 1442 2131 misistis.
1507 2087 1680 2139 Quibus
1721 2087 1830 2130 visis

213 2165 257 2204 et
287 2161 429 2214 lectis,
463 2161 640 2215 gracias
674 2160 846 2215 egimus
870 2161 964 2202 Deo
999 2164 1042 2202 et
1076 2160 1215 2212 vobis,
1251 2160 1463 2215 quoniam
1496 2172 1576 2200 vos
1610 2173 1717 2214 erga
1750 2171 1831 2201 nos

213 2232 333 2274 affici
377 2235 418 2273 et
459 2245 611 2273 curam
655 2245 809 2286 gerere
843 2231 1101 2286 diligentem
1144 2243 1227 2286 pro
1261 2229 1602 2272 conservatione
1646 2229 1831 2271 honoris

211 2302 355 2346 nostri
390 2302 671 2358 percepimus
699 2301 939 2343 evidenter.
993 2301 1241 2356 Visumque
1275 2302 1342 2343 est
1374 2300 1504 2342 nobis
1536 2313 1751 2355 magnum
1779 2314 1831 2341 ex

213 2374 326 2430 ipsis
349 2373 496 2415 divine
520 2372 703 2428 pietatis
728 2372 989 2414 beneficium
1013 2372 1232 2427 prodisse,
1254 2372 1408 2426 [quod]
1435 2371 1657 2427 scripture
1679 2370 1831 2413 huius-

212 2445 336 2487 modi
360 2444 557 2485 exhibite
584 2444 675 2485 sint
699 2446 741 2485 et
764 2444 951 2485 deducte
977 2444 1032 2484 ad
1050 2443 1265 2484 noticiam
1283 2443 1505 2484 maiorum
1531 2444 1574 2483 et
1591 2442 1830 2493 minorum,

212 2515 502 2565 mediocrum,
528 2513 757 2557 Christum
776 2514 1103 2569 proffitentium
1121 2514 1415 2556 salvatorem:
1443 2516 1485 2554 et
1503 2513 1628 2567 ibi(‘?>
1648 2513 1830 2564 veritas,

215 2600 301 2642 qua
337 2585 628 2640 christianoa)
666 2619 673 2625 .
710 2619 716 2625 .
755 2619 761 2625 .
796 2584 1032 2639 dirigenda
1076 2588 1143 2627 est
1180 2584 1227 2625 in
1268 2585 1459 2627 salutem
1500 2587 1715 2635 eternam,
1759 2598 1831 2625 ex-

212 2657 409 2713 plicatur
454 2657 623 2711 absque
663 2656 779 2696 nube
813 2658 856 2697 et
905 2656 1125 2710 probatur
1163 2656 1258 2697 sine
1302 2655 1441 2710 pallio
1482 2655 1610 2710 proa)
1646 2689 1653 2695 .
1690 2689 1697 2696 .
1735 2689 1742 2696 .
1776 2656 1833 2697 Et

214 2729 335 2782 quod
366 2727 456 2770 sint
490 2740 515 2768 a
538 2727 646 2774 Deo,
680 2727 858 2767 videtur
890 2725 1019 2768 nobis
1047 2726 1306 2781 dupliciter:
1340 2726 1486 2781 primo
1511 2725 1616 2780 quia
1638 2725 1682 2767 in
1709 2730 1832 2767 utra-

283 2797 336 2824 573
355 2798 385 2841 a)
411 2797 474 2830 Ein
503 2797 553 2830 bis
580 2796 664 2830 zwei
690 2796 832 2829 WV'oiter
856 2795 987 2830 fehlen.

284 2903 337 2930 523
361 2903 383 2944 ¹)
409 2904 480 2937 Das
501 2902 740 2936 Rahonament
766 2901 835 2934 und
862 2901 915 2935 die
936 2901 1176 2945 Interpretatio
1203 2902 1244 2935 de
1263 2900 1450 2935 visionibus
1477 2901 1509 2934 in
1535 2901 1687 2936 somniis.
1731 2901 1831 2934 Gedr.

214 2962 409 2997 Menendez
438 2963 464 3005 Ι,
494 2962 562 2996 720
586 2962 655 2995 und
684 2963 761 2997 753.

356 3044 380 3071 F
389 3045 398 3070 i
406 3052 424 3071 n
432 3045 451 3071 k
459 3052 490 3077 e,
512 3045 585 3071 Acta
605 3043 810 3077 Aragonensia.
1648 3031 1690 3064 57
