2296 3512
1008 308 1058 311 -
1128 286 1209 324 700
1282 309 1320 312 -

357 409 510 451 recipere
543 411 577 442 et
602 408 764 442 mulieres
804 420 862 452 pro
896 410 1096 444 concubinis
1130 411 1256 444 nabere
1289 420 1321 445 et
1353 411 1444 445 filios
1476 422 1517 445 ex
1551 412 1599 446 eis
1631 424 1823 456 procreare.
1874 414 1917 447 Et
1941 418 1979 447 ut

357 468 550 500 comuniter
575 468 697 502 fertur.
725 467 782 500 vix
810 468 942 502 decima
967 479 1047 512 pars
1065 470 1335 505 Sarracenorum
1362 471 1395 503 in
1423 482 1527 514 regno
1547 471 1696 505 Granate
1723 472 1977 506 comorancium

357 525 537 560 Sarraceni
564 525 738 560 naturales
756 527 922 569 existunt.r
949 527 1028 571 quia
1046 527 1100 562 vel
1128 530 1271 562 suerunt
1295 529 1359 573 ipsi
1379 529 1566 565 Christiani
1587 529 1640 563 vel
1665 530 1731 564 filii
1757 533 1816 565 ant
1833 535 1977 574 nepotes

357 584 632 620 Christianorum
660 613 666 618 .
696 613 702 619 .
730 613 737 621 .

496 644 551 678 Sie
586 644 692 678 bitten
720 645 787 678 den
818 645 923 688 Papst
948 647 980 687 a)
1013 657 1071 679 um
1102 647 1168 681 due
1200 652 1318 690 partes
1342 648 1476 681 decime
1503 648 1640 682 domino
1676 649 1748 691 regi
1779 650 1977 692 Aragonum

356 713 518 737 concesse
550 714 612 746 per
636 703 813 737 dominum
842 715 964 748 papam
992 716 1051 749 pro
1086 706 1321 750 adquisicione
1348 706 1522 749 Sardinie3
1549 707 1584 749 b)
1610 710 1748 751 petatur
1785 707 1918 741 decima
1943 707 1979 740 in

355 762 457 795 terris
483 766 517 795 et
542 762 657 806 regnis
679 763 806 796 domini
827 764 916 807 regis
941 764 982 797 ad
1008 765 1119 799 maius
1145 768 1294 809 tempus,
1314 776 1380 809 (1110
1406 769 1569 809 poterunt
1586 767 1789 810 impetrare3
1815 768 1847 807 0)
1873 766 1979 810 geist-

355 819 446 854 liche
473 820 628 854 Gnaden.
654 821 966 866 Legatensendung
991 835 1075 857 usw.

500 892 581 935 Reg.
610 894 676 927 335
704 893 729 927 f.
749 892 818 928 258
846 894 886 928 tf.
929 894 1032 928 Diese
1051 895 1145 928 Rede
1172 896 1198 929 f.
1225 894 1304 930 267.
1324 895 1538 939 Ernennung
1559 897 1621 930 der
1638 896 1762 930 beiden
1781 896 1979 930 Gesandten

355 950 501 984 Bischof
528 950 677 985 Poncius
704 962 767 985 von
795 952 921 986 Lerida
946 954 1016 986 und
1042 953 1197 987 Bernard
1225 954 1267 987 de
1293 953 1486 988 Fonollario
1511 965 1567 987 am
1595 956 1625 990 1.
1645 955 1798 988 Februar
1823 954 1977 998 (1308)9.

355 1009 476 1053 Einige
503 1010 598 1043 ihrer
614 1010 787 1050 Berichte.
815 1012 875 1044 auf
901 1012 955 1045 die
973 1011 1131 1055 Templer
1158 1012 1338 1056 beziiglich
1365 1013 1483 1054 Finke.
1509 1013 1690 1056 Papsttum
1716 1025 1750 1048 u,
1775 1014 1979 1057 Untergang

355 1068 416 1102 des
441 1068 728 1112 Templerordens
755 1069 788 1103 11
821 1070 882 1103 Ns.
914 1070 975 1104 101
1001 1071 1025 1105 f.
1052 1070 1084 1104 S.
1114 1070 1180 1105 182
1207 1071 1249 1104 ff.
1301 1070 1377 1114 Vgl.
1404 1071 1482 1104 (1011
1512 1071 1565 1105 (110
1592 1072 1805 1105 Instmktion
1837 1072 1898 1105 fiir
1923 1072 1978 1105 die

356 1127 553 1161 Gesandten
581 1139 659 1161 zum
686 1128 809 1162 Konzil
836 1140 902 1162 von
929 1129 1075 1165 Vienne.

354 1248 451 1287 478.
478 1246 677 1289 Bischof
693 1248 745 1289 P.
769 1260 856 1289 von
878 1248 1047 1289 Lei-ida
1069 1248 1163 1290 und
1185 1249 1239 1291 B.
1258 1248 1313 1290 de
1330 1249 1610 1304 Fonoylario
1634 1262 1691 1291 an
1709 1250 1737 1293 J
1741 1261 1870 1304 ayme
1886 1250 1976 1291 IL:

354 1317 423 1358 Da
444 1317 593 1359 Zehnt
624 1319 673 1359 in
696 1318 961 1371 Aragonien
993 1331 1081 1360 nur
1114 1319 1264 1360 18000
1289 1320 1440 1361 Pfund
1472 1321 1675 1374 betriigt.
1709 1320 1876 1362 wollen
1908 1321 1977 1362 sie

355 1387 377 1428 l
413 1385 598 1430 Solidus
643 1387 730 1429 fiir
775 1388 890 1430 1000
923 1389 1281 1443 Kriegspferde,
1327 1391 1352 1432 ὃ
1387 1389 1615 1432 Galeeren
1656 1390 1741 1432 auf
1774 1390 1800 1431 3
1832 1390 1978 1434 Jahre

353 1458 446 1500 und
479 1458 566 1500 den
598 1458 683 1500 fiir
715 1457 961 1501 Sardinien
994 1461 1328 1513 gesammelten
1355 1462 1524 1512 Zehnt3
1558 1462 1691 1503 lehnt
1724 1461 1807 1503 der
1832 1461 1977 1515 Papst

354 1530 430 1579 ab,
462 1529 645 1571 werden
684 1531 752 1572 sie
784 1532 918 1572 einen
953 1530 1289 1585 zehnjiihrigen
1321 1533 1471 1574 Zehnt
1502 1533 1769 1585 verlangen.
1831 1532 1976 1574 Mont-

812 1602 982 1655 pellier
1014 1601 1172 1656 (1309)
1204 1604 1414 1645 Februar
1445 1604 1515 1645 26.

496 1716 502 1722 .
534 1716 540 1723 .
568 1716 574 1722 .
605 1681 1106 1740 Considerantesque1)⁷
1134 1686 1253 1741 (111οᾶ
1278 1686 1451 1728 decima
1475 1685 1802 1727 dominacionis
1825 1688 1974 1727 vestre

353 1766 442 1795 non
468 1754 741 1796 ascendebat
764 1755 809 1796 in
837 1768 925 1797 uno
951 1769 1067 1798 anno
1091 1756 1214 1798 ultra
1238 1757 1388 1798 decem
1416 1760 1458 1799 et
1481 1760 1581 1799 octo
1605 1756 1731 1798 milia
1752 1756 1974 1798 librarum

352 1823 512 1865 Barch.
557 1824 905 1868 deliberavimus
939 1830 1091 1881 petere
1125 1826 1319 1869 solidum
1352 1841 1435 1882 pro
1467 1827 1591 1869 mille
1625 1827 1750 1882 equis
1785 1826 1974 1869 armatis

355 1896 409 1936 ad
453 1898 545 1937 tres
592 1908 733 1938 annos
768 1901 810 1938 et
851 1899 970 1952 quod
1009 1898 1218 1940 dominus
1257 1912 1376 1954 papa
1410 1900 1584 1940 teneret
1615 1897 1744 1940 vobis
1778 1897 1976 1953 quinque

353 1966 507 2021 galeas
540 1980 620 2021 per
653 1967 796 2009 dictos
836 1971 928 2010 tres
962 1981 1104 2011 annos
1137 1968 1231 2011 suis
1263 1969 1463 2024 propriis
1496 1969 1789 2011 missionibus
1823 1971 1866 2010 et
1901 1981 1974 2009 ex-

352 2036 517 2091 pensis.
580 2037 638 2078 Et
677 2039 795 2093 (111οᾶ
828 2039 950 2080 ultra
982 2040 1063 2081 hec
1095 2039 1315 2081 decimam
1349 2042 1672 2095 congregatam
1706 2052 1789 2094 pro
1822 2039 1974 2094 viagio

354 2105 560 2149 Sardinie
604 2108 831 2151 haberetis
879 2110 924 2151 in
968 2110 1057 2152 isto
1102 2111 1253 2166 viagio
1301 2112 1354 2152 de
1400 2110 1628 2153 Gran-ada.
1691 2111 1749 2152 Et
1787 2110 1851 2152 sic
1885 2123 1972 2151 non

354 2178 611 2220 curavimus
643 2182 796 2234 petere
830 2180 1051 2222 decimam
1076 2184 1145 2223 set
1176 2181 1419 2236 petivimus
1455 2184 1498 2223 et
1530 2181 1711 2223 domino
1740 2194 1857 2237 pape
1880 2184 1974 2222 tra-

354 2248 548 2291 didimus
593 2263 746 2293 omnes
796 2251 910 2293 alias
957 2252 1219 2306 peticiones,
1267 2266 1352 2307 (1110
1399 2252 1446 2293 111
1493 2251 1796 2294 instruccione
1843 2251 1974 2293 nobis

353 2320 523 2361 tradita
556 2321 916 2363 continebantur.
979 2322 1038 2364 Et
1079 2322 1224 2366 dictus
1267 2323 1475 2365 dominus
1517 2335 1639 2378 papa
1676 2322 1864 2365 recessit
1903 2322 1973 2363 die

353 2391 565 2432 mercurii
608 2392 814 2446 sequenti
859 2393 911 2434 (10
959 2393 1356 2449 Montepessulano
1406 2397 1449 2435 et
1497 2393 1612 2435 dixit
1654 2393 1800 2445 nobis,
1854 2393 1974 2447 quod

353 2474 644 2515 sequeremur
690 2462 856 2518 ipsum,
905 2463 1025 2518 quod
1071 2463 1117 2504 in
1166 2463 1291 2505 brevi
1334 2464 1502 2505 bonum
1540 2476 1809 2518 responsum
1841 2463 1972 2505 nobis

354 2532 494 2573 daret.
558 2533 739 2574 Pretera
778 2533 1086 2589 significamus
1110 2534 1412 2576 dominacioni
1444 2537 1607 2586 vestre,
1648 2535 1768 2589 (111οᾶ
1799 2533 1972 2575 11110110-

353 2602 500 2644 ximus
545 2616 626 2658 per
670 2604 875 2647 dominos
919 2605 970 2646 R.
1013 2606 1065 2647 de
1100 2604 1216 2647 Goto
1263 2608 1306 2646 et
1349 2605 1603 2647 Arnaldum
1648 2606 1701 2647 de
1747 2604 1973 2659 Pelagrua

355 2672 620 2724 cardinales,
663 2675 782 2729 quod
823 2688 912 2717 non
948 2676 1147 2725 credunt,
1183 2676 1303 2730 quod
1335 2676 1545 2718 dominus
1576 2688 1698 2731 papa
1728 2675 1894 2717 habeat
1926 2674 1972 2716 in

353 2745 581 2798 promptu,
627 2746 745 2799 quod
784 2746 933 2800 possit
980 2746 1087 2787 dare
1131 2746 1262 2788 nobis
1294 2746 1488 2789 solidum
1532 2758 1615 2801 pro
1659 2745 1886 2801 equitibus
1928 2747 1972 2786 et

353 2813 494 2868 galeis
534 2815 786 2858 antedictis.
850 2817 907 2858 Et
945 2817 1030 2858 hoc
1074 2816 1256 2859 racione
1300 2817 1504 2873 passagii
1535 2816 1966 2872 Hospitalariorum.

354 2884 411 2925 Et
439 2885 689 2936 consulunt,
724 2887 843 2940 quod
869 2889 1077 2941 petamus
1112 2887 1328 2929 audacter
1354 2887 1457 2929 alia.
1522 2888 1614 2929 Nos
1640 2890 1791 2928 tamen
1814 2899 1971 2928 sumus

496 3002 520 3036 ¹)
546 3002 713 3046 Dienstag
739 3003 853 3036 trafen
880 3003 927 3036 sie
954 3004 1020 3036 den
1046 3003 1150 3046 papst
1176 3004 1210 3037 in
1235 3003 1466 3047 Montpellier,
1492 3007 1617 3047 tmgen
1643 3003 1715 3036 ihm
1742 3003 1817 3036 ihre
1835 3002 1970 3036 Sachen

352 3070 415 3094 vor
439 3060 510 3094 und
536 3060 664 3094 sanderi
690 3071 726 3094 so
752 3064 833 3105 gute
859 3062 1069 3098 Autnahme.
