2296 3512
901 284 954 288 —
1019 261 1099 299 681
1166 284 1219 288 -—

251 391 450 443 Rogers;
484 387 892 441 Gesangennahme
926 388 1188 441 Berengars
1221 387 1366 430 durch
1400 388 1475 430 die
1508 387 1769 438 Gennesen3
1802 389 1870 429 iu-

252 459 544 512 folgedessen
587 457 746 500 starke
790 456 1088 510 Schadigung
1133 457 1211 499 des
1250 458 1637 501 Unternehmens.
1701 458 1870 513 (1305.)

511 529 605 570 Zur
634 528 857 570 weiteren
890 526 1166 570 Geschichte
1199 528 1282 570 der
1312 529 1617 583 Kompagnie.

392 621 504 665 Cum
538 622 759 678 placuerit
790 622 899 673 Deo,
934 622 1053 676 quod
1088 621 1233 664 dictus
1267 622 1475 664 dominus
1506 636 1584 664 rex
1616 623 1871 665 Fridericus

252 694 417 737 tercius
435 706 592 749 pacem
614 693 803 734 haberet
826 696 869 734 et
893 706 944 734 ea
966 692 1124 733 habita
1145 692 1439 735 remansisset
1461 707 1561 734 cum
1584 693 1872 735 multitudine

252 765 663 820 almugavarorum,
690 763 778 818 qui,
804 764 1050 806 secundum
1083 763 1203 817 quod
1237 767 1304 805 est
1327 764 1380 804 de
1413 767 1577 805 natura
1609 764 1749 819 pacis,
1782 778 1872 807 non

252 838 381 877 erant
412 834 500 877 sibi
532 834 734 888 deindea)
768 834 814 875 in
847 837 981 875 antea
1012 833 1270 885 necessarii,
1314 836 1381 874 set
1413 834 1684 876 videbantur
1717 848 1871 890 super·
1938 831 1946 837 ”

250 906 330 948 fini
376 905 497 947 ultra
543 906 742 957 modum,
792 907 948 960 utpote
997 904 1212 959 armigeri
1248 904 1476 946 inferioris
1516 905 1790 947 condicionis
1830 908 1873 947 et

251 976 509 1032 specialiter
551 975 858 1031 almugavari,
904 976 1015 1017 adeo
1050 976 1169 1030 quod
1203 974 1412 1017 dubitare
1446 975 1693 1030 cogebatur
1727 976 1872 1017 dictus

251 1047 460 1089 dominus
483 1060 576 1099 reX,
604 1060 672 1099 ne,
702 1046 778 1102 qui
805 1059 1011 1087 exercere
1034 1046 1200 1101 predas
1233 1049 1437 1100 tempore
1468 1045 1594 1100 pacis
1627 1060 1715 1087 non
1749 1049 1872 1101 pote-

249 1122 367 1170 rant,
397 1117 650 1168 violentias,
684 1117 883 1172 rapinas,
919 1120 961 1158 et
993 1116 1331 1158 disrobaciones
1363 1115 1517 1171 inopia
1550 1116 1726 1158 cohacti
1755 1130 1873 1158 00111-

250 1188 484 1230 mitterent
514 1188 560 1230 in
594 1187 762 1239 Sicilia,
796 1188 865 1229 vel
900 1188 1045 1229 adhuc
1076 1187 1123 1228 in
1157 1186 1370 1229 Calabria
1402 1189 1562 1229 contra
1594 1187 1798 1229 subditos
1832 1189 1875 1228 et

250 1259 404 1301 fideles
437 1272 544 1302 31103
586 1263 629 1300 et
669 1259 805 1300 etiam
837 1258 1029 1300 illustris
1064 1258 1233 1300 domini
1266 1258 1388 1313 regis
1419 1257 1580 1300 Karoli
1611 1257 1757 1313 patris
1790 1258 1874 1310 sui,

250 1333 438 1386 propter
481 1343 566 1385 que
604 1343 695 1385 pax
739 1329 918 1371 turbari
958 1329 1089 1370 facile
1128 1331 1322 1384 poterat,
1355 1328 1473 1370 unde
1510 1331 1742 1384 oporteret
1775 1342 1875 1370 eum

250 1401 375 1456 ipsos
415 1400 576 1456 punire
618 1404 661 1442 et
705 1401 894 1455 perdere
927 1400 1174 1441 secundum
1216 1399 1461 1441 iusticiam:
1510 1399 1582 1441 Ad
1616 1398 1875 1440 evitandum

250 1471 332 1513 hec
363 1470 498 1523 mala,
539 1485 624 1526 que
656 1471 745 1526 ipsi
777 1471 931 1512 taliter
964 1470 1246 1512 committere
1278 1472 1492 1525 poterant
1526 1473 1569 1511 et
1600 1470 1876 1525 parcendum

250 1542 392 1598 penis,
437 1555 551 1598 quas
590 1543 679 1598 ipsi
724 1542 884 1584 exinde
916 1544 1219 1597 reportarent,
1263 1554 1312 1582 eo
1346 1541 1557 1594 maxime,
1592 1542 1726 1596 quod,
1760 1541 1877 1583 sicut

252 1613 421 1655 dictum
469 1616 550 1666 est,
593 1613 1027 1669 superabundabant
1067 1613 1113 1654 in
1155 1616 1358 1667 tempore
1400 1612 1552 1668 pacis,
1596 1613 1701 1654 dum
1736 1626 1876 1667 quon-

252 1685 356 1726 dam
397 1683 541 1726 frater
572 1684 794 1740 Rogerius
828 1685 881 1726 de
913 1683 1219 1738 Brundusi01>
1252 1683 1388 1725 vellet
1419 1684 1485 1725 ire
1519 1686 1649 1725 extra
1679 1683 1876 1725 insulam

252 1755 400 1797 Sicilie
440 1769 523 1811 pro
557 1755 651 1797 suis
685 1755 1084 1797 commoditatibus
1116 1755 1416 1810 procurandis
1451 1758 1495 1796 et
1525 1754 1657 1796 multi
1691 1755 1743 1795 de
1777 1768 1876 1809 pre-

252 1825 385 1868 dictis
419 1826 658 1881 armigeris
690 1826 921 1869 venissent
953 1826 1010 1867 ad
1037 1825 1268 1868 dominum
1302 1839 1456 1880 regem
1489 1828 1533 1867 et
1567 1826 1622 1867 ab
1657 1838 1707 1867 eo
1740 1824 1876 1866 110011-

253 1896 368 1938 ciam
412 1900 618 1952 peterent
650 1897 901 1950 recedendi,
936 1897 1076 1952 aliqui
1108 1896 1318 1938 videlicet
1351 1909 1505 1938 eorum
1540 1910 1639 1938 cum
1671 1896 1876 1951 predicto

252 1966 395 2009 fratre
447 1968 656 2023 Rogerio,
712 1968 853 2023 aliqui
902 1968 949 2009 in
1004 1966 1289 2011 Cataloniam
1338 1969 1382 2009 et
1428 1966 1634 2008 nonnulli
1673 1968 1728 2008 ad
1763 1966 1877 2009 alias

252 2038 408 2080 mundi
451 2042 605 2094 partes
649 2039 716 2081 ire
747 2039 950 2082 volentes
983 2039 1131 2081 dictus
1165 2038 1374 2080 dominus
1408 2052 1487 2080 rex
1520 2037 1644 2080 dedit
1681 2037 1782 2080 istis
1824 2037 1878 2078 li-

254 2109 451 2150 cenciam
492 2110 739 2152 recedendi.
814 2109 1018 2162 Quorum
1056 2109 1204 2151 maior
1236 2122 1344 2165 pars
1377 2108 1563 2152 recessit
1598 2112 1641 2150 et
1671 2108 1879 2165 profecta

255 2182 322 2221 est
363 2193 461 2221 cum
508 2181 663 2222 eodem
707 2182 850 2223 fratre
887 2181 1097 2236 Rogerio.
1170 2180 1471 2222 Recesserunt
1512 2180 1649 2222 etiam
1692 2182 1736 2221 et
1773 2193 1878 2235 pro-

252 2249 359 2291 fecti
391 2253 496 2292 sunt
529 2264 630 2292 cum
662 2252 817 2294 eodem
851 2251 993 2307 aliqui
1024 2251 1192 2294 milites
1232 2256 1368 2307 atque
1408 2251 1613 2293 homines
1652 2251 1786 2306 probi
1821 2251 1878 2292 ad

252 2324 408 2376 partes
450 2334 531 2363 suo
577 2322 724 2364 omine
756 2322 990 2371 Romanie,
1027 2322 1170 2364 invito
1203 2324 1355 2364 tamen
1389 2322 1722 2377 quodammodo
1757 2321 1877 2363 dicto

254 2391 436 2433 domino
468 2405 587 2447 rege.
651 2391 825 2444 Quibus
857 2393 1092 2435 licenciam
1125 2406 1292 2448 negare
1324 2406 1413 2435 non
1445 2392 1608 2448 potuit,
1642 2405 1694 2434 eo
1722 2406 1878 2434 secun-

394 2474 424 2517 a)
449 2472 493 2507 So
519 2473 674 2507 Ausfert.

397 2625 421 2671 ¹)
447 2619 544 2660 Uber
581 2626 694 2670 Roger
736 2626 778 2660 de
814 2626 895 2661 Flor
935 2626 1002 2671 vgl.
1041 2627 1237 2665 Muntaner,
1280 2627 1453 2663 Chronica
1494 2639 1523 2664 c,
1564 2629 1631 2664 194
1669 2628 1711 2662 ff.
1774 2628 1878 2662 Danu

253 2685 370 2719 Zurita
408 2686 443 2720 11
486 2685 508 2719 l.
549 2686 569 2719 6
607 2696 636 2719 c.
682 2687 700 2721 1
731 2685 785 2728 ff„
823 2686 886 2720 der
921 2686 983 2719 auf
1015 2686 1118 2720 einen
1142 2697 1212 2721 von
1248 2687 1316 2720 mir
1352 2687 1450 2721 nicht
1485 2687 1709 2731 gefundenen
1734 2686 1879 2721 Bericht

251 2744 448 2788 Berengars
488 2744 530 2778 de
562 2744 720 2778 Entenza
761 2755 806 2779 an
846 2745 915 2779 den
947 2744 1061 2789 Ktam'g
1099 2745 1274 2788 hinweist,
1316 2746 1462 2780 wonach
1499 2746 1575 2780 sich
1605 2746 1718 2790 Roger
1750 2745 1879 2780 zuletzt

252 2805 399 2837 nannte:
449 2802 578 2848 Miguel
621 2803 802 2847 Paleologo
847 2803 999 2839 Comeno
1037 2814 1146 2847 yerno
1179 2815 1197 2838 e
1234 2805 1451 2849 megaduque
1483 2804 1539 2839 del
1572 2805 1721 2849 Imperio
1753 2806 1795 2839 de
1827 2804 1878 2838 los

253 2862 411 2897 Romeos.
473 2862 753 2907 Schlumberger,
790 2862 1000 2906 Expedition
1037 2863 1097 2897 des
1129 2863 1426 2908 „Almugavares“
1466 2864 1586 2908 (1902)
1625 2866 1645 2899 5
1678 2864 1721 2900 ff.
1779 2863 1876 2907 Caro,

254 2921 375 2955 Genua
399 2933 432 2955 u.
459 2922 491 2957 d.
517 2921 656 2956 Machte
681 2931 736 2955 am
754 2921 964 2955 Mittelmeer
991 2921 1035 2963 11,
1063 2921 1142 2964 299,
1168 2923 1238 2957 304
1263 2923 1305 2957 ff.
1346 2915 1444 2957 1⁰]ber
1469 2923 1524 2956 die
1543 2923 1791 2967 Beziehungen
1817 2922 1877 2956 des

253 2979 490 3014 Abenteurers
516 2991 596 3014 zum
621 2979 905 3024 Templerorden:
932 2979 1050 3024 Finke,
1082 2980 1265 3024 Papsttum
1290 2982 1362 3015 und
1388 2981 1592 3026 Untergang
1615 2982 1676 3016 des
1700 2980 1876 3025 Templer-

254 3039 379 3073 ordens
404 3039 433 3082 I,
462 3038 518 3073 46.
