2296 3512
1070 259 1388 299 -680—

420 387 694 430 Lumbardia
740 386 884 428 multa
928 389 1080 429 castra
1128 389 1171 428 et
1208 388 1355 429 terras
1401 388 1671 441 acceperunt
1711 387 1764 428 de
1805 385 2035 428 territorio

420 458 694 500 marchionis
727 456 1023 509 Saluciarum,
1059 457 1265 499 videlicet
1292 457 1345 498 de
1378 459 1502 498 terra
1525 454 1694 508 Cunici,
1729 470 1865 512 quam
1889 456 2036 499 dictus

421 528 653 584 [marchio]
689 528 808 570 dicto
836 528 933 583 regi
959 527 1128 569 Karolo
1153 527 1414 570 abstulerat.
1475 526 1598 569 Unde
1620 527 1821 569 marchio
1844 526 2036 568 videndo

421 612 468 641 se
499 599 545 640 in
576 598 657 639 illa
698 598 957 640 condicione
991 600 1033 640 et
1077 598 1248 653 partito
1281 612 1328 640 se
1369 597 1544 653 aptavit
1577 600 1620 639 et
1661 598 1718 639 ad
1751 597 2038 640 concordiam

421 669 600 712 devenit
633 682 732 711 cum
766 669 884 710 dicto
918 682 1024 724 rege
1056 669 1226 711 Karolo
1268 671 1311 710 et
1341 668 1553 725 primitus
1587 667 1732 710 dictus
1764 668 1965 710 marchio
1999 667 2039 709 ei

420 739 538 781 redit
569 742 713 781 totam
746 742 915 781 terram
948 740 1002 780 de
1035 737 1216 791 Cunico‚
1252 752 1387 794 quam
1422 739 1460 781 ei
1484 738 1748 790 abstulerat,
1783 742 1825 780 et
1858 740 1911 781 de
1944 738 2038 780 eius

421 813 545 852 terra
587 810 775 865 propria
815 809 966 852 factus
1008 813 1076 852 est
1119 810 1213 852 eius
1255 809 1469 852 vasallus.
1531 809 1589 851 Et
1627 809 1759 851 debet
1798 809 1838 851 ei
1870 809 2039 851 servire

420 894 502 936 per
548 884 640 922 tres
684 893 862 923 menses
911 881 1015 922 anni
1049 881 1101 922 de
1150 880 1276 936 equis
1310 880 1506 935 copertis
1551 883 1595 922 et
1626 880 1789 934 viginti
1829 880 2038 935 quinque,

420 951 553 1006 longe
587 964 612 992 a
644 951 766 993 dicta
797 954 921 992 terra
961 951 1238 993 marchionis
1277 950 1469 1005 predicti
1504 964 1581 1004 per
1618 954 1712 993 tres
1747 950 1961 1002 iornatas,
1994 950 2040 991 in

422 1035 703 1077 quacumque
736 1024 866 1077 parte
898 1021 1104 1064 voluerit.
1168 1022 1225 1063 Et
1258 1020 1465 1064 dominus
1497 1020 1761 1063 Fredericus
1795 1021 1888 1063 eius
1920 1020 2040 1063 filius

421 1091 750 1148 primogenitus
802 1092 884 1133 ivit
935 1105 1034 1134 cum
1077 1091 1364 1134 senescalcho
1415 1091 1618 1147 predicto
1660 1091 1706 1133 in
1754 1091 2041 1134 Prouinciam

423 1176 560 1205 causa
592 1163 786 1205 faciendi
827 1176 873 1205 se
914 1163 1103 1204 militem
1146 1176 1227 1217 per
1260 1162 1490 1204 dominum
1532 1176 1684 1217 regem
1718 1162 1939 1204 Karolum
1970 1161 2042 1203 vel

422 1247 503 1288 per
544 1234 772 1275 dominum
819 1235 979 1275 ducam
1023 1233 1117 1275 eius
1162 1232 1305 1274 filium
1350 1266 1358 1274 .
1406 1267 1413 1274 .
1456 1267 1463 1274 .
1504 1233 1607 1275 Dat.
1653 1233 1799 1274 Janue
1833 1266 1841 1273 .
1878 1266 1886 1273 .
1922 1266 1930 1273 .
1972 1232 2043 1273 die

421 1304 609 1346 XVIIII.
645 1304 869 1347 Octobris.

564 1377 601 1416 ἰ).
636 1374 858 1417 Dominus
891 1374 1154 1417 Manfredus
1202 1372 1485 1416 Saluciarum
1525 1373 1726 1415 marchio
1759 1373 1804 1414 in
1837 1375 1909 1414 Ax
1943 1387 2043 1415 cum

422 1446 601 1487 domino
640 1459 744 1500 rege
783 1445 953 1487 Karolo
998 1445 1255 1487 nativitatis
1303 1445 1473 1487 domini
1518 1444 1624 1486 fecit
1660 1444 1827 1487 festum
1874 1447 1916 1485 et
1963 1457 2044 1499 per

422 1515 727 1571 quamplures,
775 1516 850 1571 qui
883 1520 1102 1558 venerunt
1148 1516 1200 1557 de
1239 1516 1329 1558 illis
1361 1516 1570 1571 partibus
1605 1518 1845 1557 enarratur
1883 1518 1926 1557 et
1964 1528 2045 1570 per

421 1586 578 1629 literas
613 1587 712 1628 inde
746 1590 982 1642 aportatas
1007 1587 1142 1628 etiam
1160 1586 1415 1637 nunciatur,
1441 1587 1560 1641 quod
1582 1586 1812 1641 predictus
1836 1586 2044 1628 dominus

421 1670 500 1699 rex
532 1657 729 1699 Karolus
770 1670 848 1699 ore
890 1671 942 1699 ac
982 1671 1118 1699 manu
1151 1657 1320 1700 iuravit
1352 1657 1440 1712 ipsi
1468 1657 1721 1699 marchioni
1753 1660 2044 1698 manutenere

421 1728 569 1784 ipsum
604 1732 739 1783 atque
772 1727 1009 1770 defendere
1043 1732 1202 1770 contra
1224 1742 1379 1771 omnes
1402 1741 1634 1784 personas,
1659 1728 1723 1769 ita
1746 1729 1798 1769 de
1821 1726 2044 1769 marchio-

422 1802 532 1840 natu
580 1799 910 1842 Montisferrati
956 1800 1073 1841 sicut
1121 1800 1173 1841 de
1221 1799 1300 1841 illo
1349 1798 1646 1841 Saluciarum.
1710 1799 1767 1841 Et
1814 1797 2045 1854 predictus

422 1870 630 1912 dominus
662 1870 864 1912 marchio
899 1870 994 1913 eius
1018 1870 1217 1912 vasallus
1251 1869 1398 1912 factus
1427 1874 1508 1922 est,
1541 1869 1606 1911 ita
1630 1870 1682 1911 de
1710 1882 1798 1911 uno
1821 1869 2045 1911 marchio-

421 1944 532 1983 natu
566 1941 680 1983 sicut
714 1941 767 1982 de
801 1941 903 1993 alio,
937 1946 987 1983 ut
1020 1945 1088 1983 est
1120 1941 1302 1983 dictum.
1367 1942 1557 1996 Insuper
1590 1940 1769 1993 dicitur,
1794 1940 1913 1995 quod
1944 1953 2045 1994 pre-

423 2011 568 2054 dictus
603 2012 811 2054 dominus
850 2026 929 2053 rex
961 2011 1157 2054 Karolus
1192 2014 1269 2053 aut
1301 2012 1510 2054 dominus
1548 2011 1759 2066 princeps
1799 2010 1893 2053 eius
1924 2009 2045 2052 filius

424 2083 480 2124 ad
514 2083 746 2124 dimidiam
780 2083 1203 2138 quadragessimam
1235 2082 1281 2124 in
1313 2081 1592 2124 Lumbardia
1614 2081 1916 2137 personaliter
1948 2094 2046 2123 esse

425 2153 567 2195 debet.
630 2153 686 2195 Et
738 2154 908 2196 veritas
960 2153 1023 2196 sic
1077 2156 1249 2209 aparet,
1303 2153 1516 2208 quoniam
1569 2153 1614 2194 in
1662 2152 1845 2194 civitate
1889 2154 2047 2194 nostra

423 2222 627 2279 prefatus
661 2224 868 2266 dominus
901 2224 1112 2280 princeps
1146 2224 1309 2266 cotidie
1343 2226 1607 2279 expectatur
1641 2257 1648 2264 .
1685 2257 1692 2264 .
1729 2256 1737 2264 .

565 2305 655 2341 CRD
683 2305 802 2341 12814
837 2306 908 2340 1111(1
936 2305 1065 2341 10397.
1116 2305 1179 2339 Bei
1210 2305 1393 2339 letzterem
1424 2304 1567 2339 handelt
1597 2315 1634 2339 es
1660 2304 1733 2339 sich
1766 2315 1826 2338 um
1858 2303 1912 2338 (116
1939 2303 2047 2347 Frage

424 2364 486 2397 der
502 2363 818 2409 Nachfolgeschaft
841 2365 877 2398 in
894 2365 1115 2408 Montferrat,
1142 2375 1194 2398 wo
1212 2364 1390 2408 Markgraf
1414 2365 1435 2398 J
1438 2364 1552 2398 ohann
1570 2364 1727 2408 Anfangs
1755 2363 1844 2399 1305
1862 2362 2047 2407 gestorben

424 2433 506 2457 war.
556 2423 779 2458 Schliesslich
815 2423 974 2468 gelangte
1006 2424 1068 2458 der
1098 2423 1347 2468 rechtmassige
1379 2423 1480 2465 Erbe³
1519 2423 1581 2457 der
1610 2422 1793 2467 Palaologe
1825 2422 1981 2456 Theodor
2011 2421 2047 2455 in

426 2482 493 2516 den
518 2482 646 2518 Besitz.

425 2603 524 2643 431.
559 2599 836 2643 Geschichte
880 2602 963 2643 der
1005 2601 1358 2644 katalanischen
1395 2600 1687 2654 Kompagm‘e
1731 2601 1804 2642 bis
1842 2612 1925 2641 zur
1963 2597 2046 2641 Ge·

426 2671 767 2724 fangennahme
794 2673 1052 2726 Berengars
1075 2672 1130 2714 (16
1152 2672 1376 2714 Entenza:
1399 2671 1746 2724 Veranlassung
1774 2683 1876 2712 zum
1899 2671 2044 2722 Zuge3

426 2743 583 2795 Roger
614 2742 669 2784 (16
700 2743 831 2794 F10r3
865 2743 1006 2785 Zwist
1045 2743 1134 2785 mit
1165 2743 1335 2785 Kaiser
1368 2742 1680 2793 Andronicus3
1714 2740 1935 2783 Aussicht
1966 2739 2047 2782 das

428 2813 717 2866 griechische
749 2813 894 2855 Reich
938 2813 1025 2854 fiir
1069 2813 1157 2856 (1611
1188 2813 1560 2856 Katholizismus
1605 2824 1660 2854 zu
1704 2812 1923 2861 erobe1·11.;
1963 2811 2046 2852 Zu-

427 2884 685 2936 stimmung
707 2883 962 2926 Benedikts
985 2884 1071 2926 XI.
1094 2896 1198 2925 zum
1224 2883 1413 2937 Angriff
1415 2897 1427 2934 3
1462 2882 1744 2935 Absendung
1765 2881 1845 2923 des
1868 2879 2046 2923 Sancho

428 2953 484 2996 (16
517 2954 752 3007 Aragom'a
795 2953 942 2996 durch
979 2953 1137 3008 Konig
1174 2954 1421 2997 Friedrich
1465 2953 1559 2995 und
1596 2952 1849 2995 Riickkehr
1892 2951 2049 2994 seiner

427 3024 604 3074 Flotte;
637 3024 887 3067 verkehrte
918 3024 1099 3066 Politik
1120 3025 1384 3078 Berengars
1416 3024 1471 3066 (16
1492 3024 1717 3074 'Entenza3
1750 3021 2048 3075 Ermordung
