2296 3512
1146 290 1459 330 —676—

488 418 707 475 pontifici,
753 431 907 460 eorum
955 417 1052 473 spei
1097 421 1202 472 post
1244 418 1390 459 Deum
1434 430 1485 458 ac
1524 416 1686 458 fiducie
1724 417 1946 472 singulari
1978 418 2110 459 devo-

490 488 655 531 tissimi
700 501 752 530 ac
792 487 1045 530 fidelissimi
1086 486 1312 542 capitanei
1343 486 1490 542 partis
1523 486 1707 530 ecclesie
1740 491 1876 543 atque
1909 487 2025 531 Gelfi
2057 488 2110 529 de

489 573 572 602 sua
605 558 786 600 civitate
818 558 993 601 Perusii
1031 571 1132 600 011111
1166 557 1324 599 humili
1355 558 1800 600 recommendacione
1833 558 1903 600 sui
1937 558 2110 599 deside—

488 632 592 671 rata
624 629 788 684 pedum
827 628 982 671 oscula
1014 629 1265 670 beatorum.
1328 627 1641 670 Benivolentia
1674 627 1919 683 singularis
1950 629 2006 669 ad
2028 640 2110 670 nos

487 701 664 741 vestros
694 698 849 741 fideles
883 712 1038 742 servos
1073 712 1126 740 ex
1152 701 1305 741 vestra
1336 698 1469 753 larga
1502 698 1779 753 benignitate
1813 702 2000 741 ostensa
2027 711 2110 741 nos

488 769 673 821 inducit,
706 772 755 811 ut
788 783 888 811 cum
921 783 1088 824 magna
1121 768 1394 812 confidentia
1426 769 1483 810 ad
1515 769 1651 824 pedes
1678 772 1827 811 vestre
1850 769 2110 811 sanctitatis

489 840 720 882 humiliter
759 839 1035 882 recurrimus
1068 843 1111 881 et
1149 853 1232 895 pro
1272 839 1431 881 amicis
1462 839 1640 882 litteras
1672 840 1930 894 rogatorias
1962 842 2110 881 trans-

487 911 724 952 mittamus
779 910 825 952 in
891 911 1070 953 casibus
1133 910 1382 966 oportunis.
1472 911 1571 952 Non
1634 912 1787 952 tamen
1839 913 1906 952 est
1955 913 2110 952 nostre

487 981 751 1023 intentionis
792 981 1051 1023 huiusmodi
1094 994 1250 1036 preces
1292 980 1526 1035 porrigere
1570 993 1654 1035 pro
1701 980 1802 1032 hiis,
1838 980 1913 1035 qui
1945 980 2109 1023 vestris

487 1051 788 1095 sanctissimis
830 1051 1141 1093 voluntatibus
1183 1052 1366 1094 student
1413 1051 1597 1093 obviare
1645 1053 1724 1093 aut
1772 1051 2110 1105 quomodolibet

487 1122 740 1164 adversari:
782 1122 840 1164 Et
880 1122 980 1165 ideo
1021 1125 1171 1164 vestre
1215 1121 1448 1163 sanctitati
1482 1121 1648 1163 clarius
1679 1121 1946 1174 innotescat,
1990 1123 2109 1177 quod

486 1193 637 1235 littere
683 1194 787 1235 date
836 1206 889 1235 ex
940 1196 1072 1248 parte
1123 1196 1282 1234 nostra
1334 1193 1554 1234 fratribus
1605 1192 1804 1235 <Iohanni
1854 1193 2109 1248 Fedangole

486 1264 663 1305 Bichini
695 1266 738 1305 et
770 1264 944 1305 Humili
978 1263 1186 1306 Benoditi
1219 1264 1272 1305 de
1295 1263 1482 1305 Perusio
1504 1263 1685 1305 fuerant
1706 1263 1947 1319 impetrate
1970 1264 2109 1305 tacita

485 1335 691 1387 veritate,
724 1335 1042 1389 ignorantibus
1075 1334 1218 1385 nobis,
1254 1335 1373 1389 quod
1405 1334 1598 1389 predicti
1630 1334 1834 1376 venirent
1858 1335 1914 1375 ad
1937 1334 2109 1376 curiam

484 1405 532 1446 in
573 1404 778 1447 favorem
820 1405 1045 1461 generalis
1086 1405 1285 1447 ministri
1317 1405 1489 1447 ordinis
1530 1405 1724 1447 fratrum
1758 1405 1998 1457 Minorum,
2032 1405 2110 1460 qui

486 1490 541 1517 ex
584 1475 761 1528 unione,
812 1490 947 1531 quam
996 1477 1133 1518 habet
1174 1490 1275 1517 cum
1317 1476 1513 1528 Bauaro,
1548 1478 1803 1530 expectans,
1847 1478 1896 1517 ut
1929 1475 2107 1529 dicitur,

483 1546 583 1588 fieri
624 1560 746 1602 papa
785 1560 867 1602 per
900 1561 1013 1598 eum,
1060 1549 1250 1589 conatur
1283 1547 1340 1588 ad
1382 1546 1639 1589 sanctitatis
1671 1549 1819 1588 vestre
1851 1560 1940 1588 11011
1966 1547 2109 1589 111οᾶ1-

486 1630 586 1659 011111
620 1617 939 1659 detrimentum
975 1620 1017 1659 et
1049 1617 1313 1659 scandalum
1346 1630 1518 1659 necnon
1552 1618 1609 1658 ad
1632 1617 1741 1659 dicti
1764 1630 1816 1659 ac
1836 1617 2107 1660 universalis

486 1687 670 1729 ecclesie
710 1688 976 1730 divisionem
1017 1690 1060 1730 et
1091 1688 1271 1739 scisma,
1306 1690 1350 1730 et
1383 1690 1601 1743 quantum
1633 1688 1678 1730 in
1713 1688 1776 1730 eis
1810 1690 1890 1740 est,
1924 1688 2107 1730 subver-

486 1758 656 1800 sionem
698 1758 886 1801 totalem
927 1758 1033 1800 fidei
1064 1759 1327 1801 orthodoxe.
1390 1760 1582 1814 Insuper
1612 1758 1929 1813 ignorantibus
1962 1758 2107 1811 nobis,

486 1829 606 1883 quod
645 1842 745 1870 cum
778 1828 906 1871 falsis
939 1829 1236 1871 relationibus
1276 1830 1333 1871 ad
1366 1843 1445 1871 vos
1480 1829 1695 1881 venirent,
1740 1830 1952 1881 dicentes,
1987 1830 2108 1884 quod

485 1899 710 1953 generalis
751 1900 892 1941 nimia
929 1900 1196 1942 infirmitate
1230 1903 1448 1955 gravatus
1481 1914 1633 1942 coram
1668 1901 1925 1942 sanctitatis
1958 1904 2106 1943 vestre

485 1970 714 2025 presentia
746 1984 835 2012 non
867 1974 1049 2026 poterat
1082 1984 1358 2026 comparere,
1393 1972 1513 2026 quod
1536 1971 1702 2014 scimus
1730 1971 2107 2013 certitudinaliter

485 2053 583 2082 esse
613 2040 793 2093 falsum,
828 2041 945 2083 sicut
976 2041 1118 2084 oculis
1143 2042 1372 2097 corporeis
1394 2041 1590 2084 vidimus
1612 2042 1862 2085 manifeste.
1926 2042 1984 2083 Et
2006 2041 2105 2084 ideo

485 2111 539 2151 de
570 2111 787 2165 predictis
828 2124 910 2154 nos
953 2112 1185 2153 humiliter
1228 2126 1511 2165 excusamus,
1555 2112 1863 2168 supplicantes
1895 2113 2105 2168 precibus

484 2181 758 2231 subiectivis,
798 2196 852 2223 ne
887 2195 913 2224 a
945 2182 1187 2225 sanctitate
1226 2186 1379 2225 vestra
1417 2184 1546 2226 nobis
1579 2183 1829 2239 imputetur
1860 2184 1941 2225 hec
1972 2197 2104 2236 noxa,

485 2264 621 2306 quam
659 2255 789 2294 tanta
820 2253 1068 2295 nescientia
1099 2253 1312 2309 legitime,
1352 2256 1402 2296 ut
1446 2258 1674 2309 putamus,
1719 2257 1923 2307 excusat,
1970 2257 2013 2296 et
2050 2267 2105 2295 110

485 2322 655 2364 nostris
688 2323 846 2377 primis
878 2324 1057 2376 litteris,
1092 2338 1205 2380 quas
1233 2325 1426 2380 predicti
1447 2325 1705 2367 sanctitatis
1728 2328 1877 2367 vestre
1900 2339 2103 2366 reveren-

485 2392 546 2434 tie
578 2395 912 2448 presentarunt,
945 2394 1039 2436 ulla
1072 2395 1342 2437 adhibeatur
1372 2396 1616 2438 credulitas
1645 2397 1739 2438 sive
1761 2396 1885 2447 fides,
1909 2397 2104 2438 maxime

485 2476 586 2504 cum
620 2462 760 2506 simus
794 2465 847 2505 de
880 2465 1071 2507 veritate
1096 2466 1273 2521 plenius
1305 2465 1552 2519 informati,
1577 2467 1697 2521 quod
1718 2466 1910 2522 predicti
1937 2466 2103 2508 fratres

482 2547 601 2575 nunc
633 2534 690 2575 ad
724 2534 895 2575 curiam
927 2535 1155 2578 venientes
1182 2550 1264 2591 per
1298 2550 1451 2579 omnes
1489 2538 1619 2592 quasi
1647 2542 1793 2578 terras
1817 2539 2103 2579 sacrosancte

482 2603 673 2646 rebelles
721 2604 905 2647 ecclesie
950 2606 1243 2659 transierunt,
1291 2608 1348 2649 ad
1396 2621 1508 2662 quas
1554 2611 1597 2649 et
1647 2621 1837 2663 quarum
1885 2610 2102 2662 tyrannos

483 2674 660 2717 litteras
701 2674 891 2717 fidancie
924 2679 1235 2731 portaverunt,
1278 2680 1328 2720 ut
1360 2679 1506 2720 securi
1542 2682 1729 2734 possent
1761 2679 1955 2721 transire
1987 2678 2103 2720 sicut

481 2744 625 2797 fidati,
660 2749 704 2787 et
733 2746 886 2787 nuncii
917 2747 1141 2801 generalis
1170 2748 1363 2804 predicti
1384 2749 1600 2804 predictis
1622 2749 1829 2804 tyrannis
1852 2749 2103 2791 fidelissimi

483 2817 528 2856 et
573 2816 734 2858 devoti.
805 2814 1051 2858 Conservet
1097 2819 1216 2861 Deus
1263 2819 1519 2861 incolumen
1566 2821 1855 2862 sanctitatem
1902 2822 2101 2862 vestram

482 2900 564 2941 per
595 2890 801 2942 tempora
831 2887 1040 2943 longiora
1072 2890 1128 2930 ad
1153 2889 1336 2932 ecclesie
1369 2903 1448 2932 sue
1477 2893 1630 2932 sancte
1653 2889 2030 2945 tranquillitatem
2059 2894 2102 2933 et

482 2970 640 3011 pacem
681 2971 852 3013 nosque
894 2959 1127 3001 sanctitati
1165 2964 1313 3002 vestre
1352 2960 1584 3002 humiliter
1616 2963 1658 3002 et
1690 2960 1845 3002 intime
1879 2974 2100 3003 commen—

480 3028 655 3069 damus.
719 3029 822 3070 Dat.
864 3029 1039 3072 Perusii
1071 3030 1123 3071 V.
1164 3031 1382 3073 kalendas
1422 3029 1700 3086 Septembris
1734 3031 1787 3072 X.
1827 3031 2099 3074 indictionis.
