2296 3512
232 460 393 546 XI.
481 460 1269 570 Legatenberichte
1331 465 1551 551 iiber
1613 466 1781 551 den

340 601 681 713 Kampf
711 630 858 688 11111
898 603 1306 690 Ferrara.
1428 605 1683 692 1309.

189 909 287 950 406.
315 907 532 962 Opizinus
555 907 749 962 Spinula
780 920 838 949 an
859 908 1020 963 Jayme
1041 909 1129 950 IL:
1164 907 1478 962 Schilderung
1505 910 1588 952 der
1611 911 1810 966 Kampfe

189 980 239 1020 in
271 976 427 1020 Genua
459 991 516 1020 an
548 978 829 1032 Epiphanie‚
862 978 938 1020 die
969 991 1071 1020 zum
1104 979 1559 1034 Doppelkapitanate
1591 981 1809 1035 Opizinus

190 1048 386 1103 Spinula
407 1049 501 1090 und
523 1050 738 1091 Bernabo
755 1050 904 1092 Auria
925 1049 1140 1092 fiihrten.
1189 1049 1347 1093 Genua
1369 1049 1529 1106 (1306)
1546 1052 1723 1095 Januar
1740 1052 1809 1094 21.

330 1143 544 1198 Opicinus
597 1141 786 1199 Spinula
839 1144 893 1186 de
939 1143 1130 1196 Luculo,
1191 1144 1454 1199 capitaneus
1509 1146 1712 1188 comunis
1768 1150 1810 1188 et

191 1213 350 1269 populi
395 1214 662 1257 Januensis:
710 1248 717 1255 .
751 1248 757 1254 .
791 1249 798 1255 .
845 1213 1065 1266 Quamvis
1113 1215 1271 1257 diebus
1318 1215 1522 1270 proxime
1566 1216 1809 1271 preteritis,

186 1284 381 1327 faciente
422 1286 615 1327 humane
658 1285 835 1341 generis
879 1285 1060 1327 inimico
1213 1285 1375 1329 civitas
1416 1287 1659 1329 Jauuensis
1699 1288 1810 1329 adeo

188 1356 326 1398 fuerit
365 1357 635 1411 perturbata
683 1369 735 1398 ac
779 1356 1000 1398 distracta
1041 1356 1280 1399 sedicionis
1327 1370 1491 1409 errore,
1541 1358 1661 1413 quod
1701 1371 1811 1400 non-

187 1426 319 1479 nulli,
362 1426 571 1468 videlicet
610 1425 776 1469 fratres
815 1427 860 1468 in
902 1426 1069 1469 fratres
1112 1430 1155 1469 et
1200 1428 1333 1469 amici
1371 1428 1418 1469 in
1458 1429 1641 1481 amicos,
1682 1442 1810 1471 arma

189 1496 454 1539 levaverunt
476 1497 594 1539 inter
616 1510 664 1540 se
686 1497 731 1539 in
755 1498 824 1539 die
848 1497 1073 1553 ephifanie
1095 1498 1300 1554 proxime
1322 1499 1541 1553 preterito
1566 1500 1622 1541 ad
1649 1500 1811 1542 durum

191 1570 234 1609 et
283 1567 615 1610 atrocissimum
663 1568 855 1623 prelium
894 1571 1261 1624 prorumpentes,
1311 1583 1364 1611 ex
1409 1583 1498 1625 quo
1546 1570 1688 1626 signis
1722 1571 1810 1613 evi-

188 1638 397 1681 dentibus
443 1639 656 1694 apparuit
689 1642 824 1694 atque
865 1639 1120 1682 manifestis
1163 1639 1359 1693 indiciis,
1401 1640 1548 1696 ipsam
1582 1641 1811 1683 civitatem

189 1709 395 1752 devenire
444 1722 577 1764 posse
625 1710 683 1751 ad
727 1712 897 1752 statum
944 1710 1071 1766 lapse
1111 1711 1385 1766 perdicionis
1439 1714 1482 1753 et
1521 1711 1811 1767 ignominiosi

188 1780 481 1824 discriminis:
524 1781 677 1822 divina
718 1784 870 1823 tamen
911 1781 1105 1824 faciente
1149 1782 1386 1824 clementia
1436 1817 1443 1824 .
1476 1816 1483 1823 .
1521 1817 1528 1824 .
1572 1797 1690 1825 nova
1733 1783 1811 1825 lux

188 1865 300 1893 nove
333 1852 591 1894 dileccionis
624 1852 742 1894 inter
768 1852 974 1894 concives
1008 1855 1050 1894 et
1078 1853 1389 1896 discordantes
1418 1854 1582 1907 illuxit,
1617 1888 1623 1895 .
1651 1888 1658 1895 .
1686 1889 1693 1896 .
1727 1868 1810 1910 pro

188 1922 313 1964 cuius
347 1922 689 1966 conservatione
721 1923 877 1965 futura
908 1937 990 1966 nos
1024 1926 1068 1966 et
1101 1924 1308 1967 dominus
1339 1926 1548 1967 Bernabo
1581 1926 1635 1967 de
1667 1926 1811 1967 Auria

186 1992 330 2034 frater
361 1996 528 2046 noster,
560 1996 603 2035 et
630 1994 708 2049 qui
740 2008 919 2050 semper
950 1994 1036 2036 fuit
1068 1995 1113 2036 in
1146 2009 1234 2037 uno
1262 1998 1367 2038 voto
1400 1996 1648 2049 nobiscum,
1682 1996 1812 2039 010011

188 2076 343 2106 sumus
383 2077 526 2119 usque
570 2065 628 2106 ad
670 2063 837 2107 festum
881 2066 1118 2108 beatorum
1162 2066 1471 2121 apostolorum
1516 2066 1725 2122 Symonis
1768 2074 1811 2109 et

186 2135 302 2177 Jude
343 2136 385 2176 01
419 2135 579 2177 abinde
612 2148 754 2191 usque
778 2137 835 2178 ad
862 2149 1004 2178 annos
1033 2137 1230 2192 quinque
1251 2136 1298 2178 in
1322 2137 1583 2192 capitaneos
1607 2138 1810 2180 comunis

189 2208 233 2247 et
264 2205 421 2261 populi
451 2205 693 2248 Januensis
728 2241 735 2247 .
763 2241 769 2247 .
797 2240 804 2247 .
840 2207 943 2248 Dat.
977 2206 1123 2249 Janue
1155 2207 1225 2249 die
1257 2208 1380 2250 XXI.
1403 2208 1624 2250 ι1311113111.

327 2287 417 2321 CRD
447 2286 578 2322 10449.
628 2287 686 2321 Or.
712 2288 795 2331 Pap.
822 2287 898 2332 Ssp.
949 2282 1046 2323 Uber
1072 2290 1125 2323 die
1152 2289 1402 2332 Verhaltnisse,
1429 2290 1484 2323 die
1510 2301 1553 2323 zu
1577 2291 1657 2324 dem
1683 2290 1811 2324 dritten

184 2345 500 2389 Doppelkapitanat
524 2346 572 2379 im
596 2346 703 2380 Jahre
731 2346 821 2381 1306
847 2347 1004 2390 fiihrten,
1043 2347 1110 2392 vgl.
1138 2348 1242 2391 Caro,
1270 2349 1390 2383 Genua
1413 2349 1485 2382 und
1511 2349 1565 2382 die
1591 2349 1729 2383 Machte
1755 2360 1811 2383 am

185 2404 401 2439 Mittelmeer
425 2404 477 2447 II,
516 2405 582 2439 337
610 2405 634 2438 f.
662 2426 705 2429 —
732 2405 781 2439 Zu
814 2405 903 2441 1307
937 2406 1142 2450 September
1175 2407 1218 2442 16
1255 2407 1410 2442 schreibt
1447 2407 1622 2443 Christian
1653 2407 1809 2452 Spinula:

185 2464 367 2499 Conradus
404 2464 476 2497 und
506 2463 714 2498 Lambertus
740 2464 863 2508 Aurie,
902 2465 976 2500 sein
1008 2466 1145 2500 Bruder
1171 2466 1309 2500 Gabriel
1335 2466 1478 2510 Spinuia
1514 2467 1585 2500 und
1622 2466 1678 2500 ihr
1702 2467 1810 2501 Neffe

187 2523 355 2557 Guidetus
380 2522 522 2566 Spinula
558 2522 673 2556 haben
710 2523 784 2557 sich
821 2534 889 2557 von
921 2524 984 2558 der
1009 2525 1219 2559 Herrschaft
1249 2526 1312 2559 der
1336 2526 1506 2570 Kapitane
1537 2526 1707 2570 losgesagt
1739 2527 1810 2560 und

184 2582 333 2615 wohnen
358 2582 393 2615 in
420 2592 446 2617 s.
466 2580 635 2615 Romulus
660 2581 696 2614 in
720 2581 909 2616 occidentis
927 2583 1076 2627 Riperia.
1115 2584 1186 2628 Ego
1204 2586 1322 2618 tamen
1339 2585 1485 2619 credens
1502 2585 1579 2619 fore
1596 2596 1658 2629 pro
1676 2585 1809 2619 meliori

184 2642 300 2675 nostre
325 2640 534 2674 intencionis
559 2639 595 2673 in
621 2640 761 2673 civitate
786 2651 919 2675 moram
945 2642 1083 2676 trahere
1110 2653 1213 2686 quam
1239 2643 1335 2677 exire
1352 2644 1504 2678 nondum
1526 2643 1616 2678 volui
1635 2654 1808 2687 separare.

183 2710 263 2733 cum
294 2710 432 2743 semper
457 2700 499 2732 de
532 2698 629 2732 nobis
655 2698 825 2742 capitanei
857 2699 1031 2743 geluxiam
1059 2703 1093 2735 et
1118 2702 1351 2746 suspicionem
1377 2703 1579 2746 percipiant,
1604 2704 1657 2737 set
1681 2702 1810 2747 aliquid

183 2758 324 2792 minime
337 2758 434 2792 nobis
449 2758 575 2800 dicant,
590 2768 654 2791 nec
670 2758 811 2792 intendo
826 2758 868 2792 de
882 2760 984 2796 terra,
1013 2760 1039 2793 si
1061 2770 1199 2794 oausam
1218 2761 1409 2805 nescivero,
1436 2772 1608 2805 separare.
1628 2782 1672 2786 -
1690 2762 1731 2795 In
1749 2762 1808 2795 das

184 2828 220 2851 so
246 2817 361 2862 Wenig
385 2816 598 2861 aufgehellte
624 2816 710 2851 ι13111
738 2817 827 2852 1308
853 2817 934 2861 (vgl.
953 2818 1040 2853 Caro
1058 2819 1105 2860 11,
1133 2820 1201 2854 368
1226 2820 1266 2863 f.)
1291 2821 1445 2864 geheren
1471 2820 1634 2864 folgende
1660 2820 1809 2854 Notizen

183 2875 287 2921 (CRD
317 2877 447 2912 11878.
498 2875 607 2909 Daiin
640 2876 726 2909 wird
760 2887 838 2909 zum
870 2876 926 2911 28.
952 2877 1035 2911 Juni
1067 2888 1134 2911 von
1165 2878 1344 2923 Berengar
1375 2880 1416 2913 de
1455 2879 1606 2913 Entenza
1636 2880 1809 2923 quondam

183 2935 255 2968 und
279 2946 347 2969 von
373 2934 458 2969 Karl
475 2935 521 2969 11.
548 2934 780 2978 gesprochffli,
807 2935 915 2968 damit
940 2935 984 2969 ist
1009 2936 1063 2969 die
1082 2936 1156 2970 Zeit
1180 2937 1324 2980 5101101·);
1351 2937 1583 2973 Convenimus
1609 2949 1688 2972 cum
1715 2938 1807 2981 capi-

186 2994 301 3027 taneis
327 2995 369 3028 de
394 2993 606 3038 sapientibus
631 2994 783 3027 sedecim
809 3004 852 3027 ex
877 2994 1048 3028 nobilibus
1074 2997 1110 3028 et
1134 2995 1354 3039 popularibus
1380 2997 1558 3040 faciendis,
1584 2997 1643 3040 qui
1660 2998 1807 3030 tractare

183 3052 309 3086 debent
334 3055 368 3086 et
392 3053 461 3086 iam
486 3054 652 3092 tractant,
686 3053 836 3096 qualiter
873 3053 976 3086 finito
1003 3053 1262 3097 capitaneorum
1287 3057 1441 3099 tempore
1467 3055 1502 3089 in
1528 3055 1665 3089 civitate
1690 3057 1808 3089 nostra

322 3135 346 3162 F
353 3135 362 3161 i
370 3143 388 3161 n
396 3135 415 3161 k
423 3143 438 3162 e
450 3156 455 3169 ,
477 3136 550 3162 Acta
572 3136 777 3169 Aragonensia.
1619 3127 1661 3159 41
