<?xml version="1.0" encoding="UTF-8"?>
<!DOCTYPE html PUBLIC "-//W3C//DTD XHTML 1.0 Transitional//EN"
    "http://www.w3.org/TR/xhtml1/DTD/xhtml1-transitional.dtd">
<html xmlns="http://www.w3.org/1999/xhtml" xml:lang="en" lang="en">
 <head>
  <title>
</title>
<meta http-equiv="Content-Type" content="text/html;charset=utf-8" />
  <meta name='ocr-system' content='tesseract 3.04.00' />
  <meta name='ocr-capabilities' content='ocr_page ocr_carea ocr_par ocr_line ocrx_word'/>
</head>
<body>
  <div class='ocr_page' id='page_1' title='image "./actaaragonensiaq02finkuoft_0112.png"; bbox 0 0 2296 3512; ppageno 0'>
   <div class='ocr_carea' id='block_1_1' title="bbox 1084 157 1398 197">
    <p class='ocr_par' dir='ltr' id='par_1_1' title="bbox 1084 157 1398 197">
     <span class='ocr_line' id='line_1_1' title="bbox 1084 157 1398 197; baseline 0.003 -1"><span class='ocrx_word' id='word_1_1' title='bbox 1084 157 1398 197; x_wconf 81' lang='lat'>-616—</span> 
     </span>
    </p>
   </div>
   <div class='ocr_carea' id='block_1_2' title="bbox 428 282 2052 750">
    <p class='ocr_par' dir='ltr' id='par_1_2' title="bbox 428 282 2052 750">
     <span class='ocr_line' id='line_1_2' title="bbox 432 282 2050 340; baseline -0.001 -14"><span class='ocrx_word' id='word_1_2' title='bbox 432 282 577 336; x_wconf 87' lang='lat' dir='ltr'>Certe,</span> <span class='ocrx_word' id='word_1_3' title='bbox 619 287 750 340; x_wconf 87' lang='lat' dir='ltr'>pater</span> <span class='ocrx_word' id='word_1_4' title='bbox 792 286 961 336; x_wconf 87' lang='lat' dir='ltr'>sancte,</span> <span class='ocrx_word' id='word_1_5' title='bbox 1005 297 1086 338; x_wconf 88' lang='lat' dir='ltr'>ego</span> <span class='ocrx_word' id='word_1_6' title='bbox 1129 283 1268 339; x_wconf 83' lang='lat' dir='ltr'>diligo</span> <span class='ocrx_word' id='word_1_7' title='bbox 1308 297 1460 339; x_wconf 88' lang='lat' dir='ltr'>regem</span> <span class='ocrx_word' id='word_1_8' title='bbox 1492 283 1739 326; x_wconf 86' lang='lat' dir='ltr'>Robertum</span> <span class='ocrx_word' id='word_1_9' title='bbox 1780 285 1823 325; x_wconf 91' lang='lat' dir='ltr'>et</span> <span class='ocrx_word' id='word_1_10' title='bbox 1854 283 2050 326; x_wconf 87' lang='lat' dir='ltr'>facerem</span> 
     </span>
     <span class='ocr_line' id='line_1_3' title="bbox 429 353 2051 411; baseline -0.001 -14"><span class='ocrx_word' id='word_1_11' title='bbox 429 368 513 411; x_wconf 87' lang='lat' dir='ltr'>pro</span> <span class='ocrx_word' id='word_1_12' title='bbox 547 368 611 408; x_wconf 85' lang='lat' dir='ltr'>ec,</span> <span class='ocrx_word' id='word_1_13' title='bbox 647 355 862 410; x_wconf 89' lang='lat' dir='ltr'>quicquid</span> <span class='ocrx_word' id='word_1_14' title='bbox 894 354 1000 396; x_wconf 88' lang='lat' dir='ltr'>boni</span> <span class='ocrx_word' id='word_1_15' title='bbox 1031 367 1225 409; x_wconf 90' lang='lat' dir='ltr'>possem.</span> <span class='ocrx_word' id='word_1_16' title='bbox 1291 353 1400 396; x_wconf 87' lang='lat' dir='ltr'>Sitis</span> <span class='ocrx_word' id='word_1_17' title='bbox 1434 367 1541 409; x_wconf 89' lang='lat' dir='ltr'>ergo</span> <span class='ocrx_word' id='word_1_18' title='bbox 1568 353 1770 408; x_wconf 84' lang='lat' dir='ltr'>Guelfus,</span> <span class='ocrx_word' id='word_1_19' title='bbox 1795 353 1909 396; x_wconf 79' lang='lat' dir='ltr'>dixit</span> <span class='ocrx_word' id='word_1_20' title='bbox 1929 366 2051 409; x_wconf 85' lang='lat' dir='ltr'>papa</span> 
     </span>
     <span class='ocr_line' id='line_1_4' title="bbox 431 423 2050 478; baseline -0.002 -10"><span class='ocrx_word' id='word_1_21' title='bbox 431 426 719 468; x_wconf 81' lang='lat' dir='ltr'>subridendo.</span> <span class='ocrx_word' id='word_1_22' title='bbox 782 425 912 477; x_wconf 89' lang='lat' dir='ltr'>Vere,</span> <span class='ocrx_word' id='word_1_23' title='bbox 955 425 1070 467; x_wconf 82' lang='lat' dir='ltr'>dixit</span> <span class='ocrx_word' id='word_1_24' title='bbox 1111 425 1296 478; x_wconf 87' lang='lat' dir='ltr'>amicus,</span> <span class='ocrx_word' id='word_1_25' title='bbox 1337 424 1532 467; x_wconf 86' lang='lat' dir='ltr'>Romani</span> <span class='ocrx_word' id='word_1_26' title='bbox 1568 424 1737 466; x_wconf 85' lang='lat' dir='ltr'>habent</span> <span class='ocrx_word' id='word_1_27' title='bbox 1767 425 1935 467; x_wconf 79' lang='lat' dir='ltr'>multas</span> <span class='ocrx_word' id='word_1_28' title='bbox 1966 423 2050 465; x_wconf 89' lang='lat' dir='ltr'>ini-</span> 
     </span>
     <span class='ocr_line' id='line_1_5' title="bbox 429 494 2052 548; baseline -0.001 -10"><span class='ocrx_word' id='word_1_29' title='bbox 429 496 630 538; x_wconf 86' lang='lat' dir='ltr'>micicias</span> <span class='ocrx_word' id='word_1_30' title='bbox 675 498 718 537; x_wconf 95' lang='lat' dir='ltr'>et</span> <span class='ocrx_word' id='word_1_31' title='bbox 762 495 992 538; x_wconf 73' lang='lat' dir='ltr'>amicicias</span> <span class='ocrx_word' id='word_1_32' title='bbox 1036 499 1080 537; x_wconf 92' lang='lat' dir='ltr'>et</span> <span class='ocrx_word' id='word_1_33' title='bbox 1120 495 1280 537; x_wconf 88' lang='lat' dir='ltr'>iuvant</span> <span class='ocrx_word' id='word_1_34' title='bbox 1321 508 1368 537; x_wconf 94' lang='lat' dir='ltr'>se</span> <span class='ocrx_word' id='word_1_35' title='bbox 1409 496 1462 537; x_wconf 90' lang='lat' dir='ltr'>de</span> <span class='ocrx_word' id='word_1_36' title='bbox 1505 494 1661 537; x_wconf 92' lang='lat' dir='ltr'>amicis</span> <span class='ocrx_word' id='word_1_37' title='bbox 1694 495 1801 548; x_wconf 90' lang='lat' dir='ltr'>suis,</span> <span class='ocrx_word' id='word_1_38' title='bbox 1835 495 1928 538; x_wconf 88' lang='lat' dir='ltr'>sive</span> <span class='ocrx_word' id='word_1_39' title='bbox 1961 494 2052 537; x_wconf 91' lang='lat' dir='ltr'>sint</span> 
     </span>
     <span class='ocr_line' id='line_1_6' title="bbox 431 565 2050 620; baseline 0 -12"><span class='ocrx_word' id='word_1_40' title='bbox 431 566 577 609; x_wconf 86' lang='lat' dir='ltr'>Guelfi</span> <span class='ocrx_word' id='word_1_41' title='bbox 610 566 704 609; x_wconf 90' lang='lat' dir='ltr'>sive</span> <span class='ocrx_word' id='word_1_42' title='bbox 737 565 971 608; x_wconf 84' lang='lat' dir='ltr'>Gebellini.</span> <span class='ocrx_word' id='word_1_43' title='bbox 1040 566 1204 608; x_wconf 87' lang='lat' dir='ltr'>Iuvant</span> <span class='ocrx_word' id='word_1_44' title='bbox 1237 566 1373 607; x_wconf 91' lang='lat' dir='ltr'>etiam</span> <span class='ocrx_word' id='word_1_45' title='bbox 1408 568 1451 608; x_wconf 92' lang='lat' dir='ltr'>et</span> <span class='ocrx_word' id='word_1_46' title='bbox 1483 565 1696 620; x_wconf 85' lang='lat' dir='ltr'>dilligunt</span> <span class='ocrx_word' id='word_1_47' title='bbox 1727 578 1832 609; x_wconf 91' lang='lat' dir='ltr'>suos</span> <span class='ocrx_word' id='word_1_48' title='bbox 1866 565 2050 617; x_wconf 86' lang='lat' dir='ltr'>amicos,</span> 
     </span>
     <span class='ocr_line' id='line_1_7' title="bbox 431 635 2051 693; baseline -0.001 -15"><span class='ocrx_word' id='word_1_49' title='bbox 431 637 684 693; x_wconf 87' lang='lat' dir='ltr'>quicunque</span> <span class='ocrx_word' id='word_1_50' title='bbox 722 636 827 689; x_wconf 88' lang='lat' dir='ltr'>sint,</span> <span class='ocrx_word' id='word_1_51' title='bbox 861 638 930 678; x_wconf 89' lang='lat' dir='ltr'>set</span> <span class='ocrx_word' id='word_1_52' title='bbox 961 649 1049 678; x_wconf 91' lang='lat' dir='ltr'>non</span> <span class='ocrx_word' id='word_1_53' title='bbox 1082 636 1335 688; x_wconf 87' lang='lat' dir='ltr'>invenietis,</span> <span class='ocrx_word' id='word_1_54' title='bbox 1370 637 1490 691; x_wconf 88' lang='lat' dir='ltr'>quod</span> <span class='ocrx_word' id='word_1_55' title='bbox 1523 635 1688 691; x_wconf 82' lang='lat' dir='ltr'>aliquis</span> <span class='ocrx_word' id='word_1_56' title='bbox 1720 649 1854 678; x_wconf 83' lang='lat' dir='ltr'>verus</span> <span class='ocrx_word' id='word_1_57' title='bbox 1886 637 2051 678; x_wconf 87' lang='lat' dir='ltr'>Roma-</span> 
     </span>
     <span class='ocr_line' id='line_1_8' title="bbox 428 705 1384 750; baseline -0.001 -1"><span class='ocrx_word' id='word_1_58' title='bbox 428 721 514 750; x_wconf 91' lang='lat' dir='ltr'>nus</span> <span class='ocrx_word' id='word_1_59' title='bbox 546 707 606 750; x_wconf 90' lang='lat' dir='ltr'>sit</span> <span class='ocrx_word' id='word_1_60' title='bbox 637 720 741 749; x_wconf 87' lang='lat' dir='ltr'>vere</span> <span class='ocrx_word' id='word_1_61' title='bbox 774 705 963 749; x_wconf 80' lang='lat' dir='ltr'>Guelfus</span> <span class='ocrx_word' id='word_1_62' title='bbox 995 720 1077 749; x_wconf 92' lang='lat' dir='ltr'>nec</span> <span class='ocrx_word' id='word_1_63' title='bbox 1110 706 1384 749; x_wconf 82' lang='lat' dir='ltr'>Gebellinus.</span> 
     </span>
    </p>
   </div>
   <div class='ocr_carea' id='block_1_3' title="bbox 428 799 2054 1351">
    <p class='ocr_par' dir='ltr' id='par_1_3' title="bbox 428 799 2054 1351">
     <span class='ocr_line' id='line_1_9' title="bbox 570 799 2052 852; baseline 0 -10"><span class='ocrx_word' id='word_1_64' title='bbox 570 801 735 843; x_wconf 80' lang='lat' dir='ltr'>Postea</span> <span class='ocrx_word' id='word_1_65' title='bbox 775 801 960 844; x_wconf 85' lang='lat' dir='ltr'>divertit</span> <span class='ocrx_word' id='word_1_66' title='bbox 1001 814 1048 843; x_wconf 92' lang='lat' dir='ltr'>se</span> <span class='ocrx_word' id='word_1_67' title='bbox 1092 802 1148 843; x_wconf 89' lang='lat' dir='ltr'>ad</span> <span class='ocrx_word' id='word_1_68' title='bbox 1180 801 1303 843; x_wconf 82' lang='lat' dir='ltr'>facta</span> <span class='ocrx_word' id='word_1_69' title='bbox 1335 800 1499 843; x_wconf 84' lang='lat' dir='ltr'>Ytalie.</span> <span class='ocrx_word' id='word_1_70' title='bbox 1563 799 1682 852; x_wconf 83' lang='lat' dir='ltr'>Quid</span> <span class='ocrx_word' id='word_1_71' title='bbox 1713 801 1892 843; x_wconf 89' lang='lat' dir='ltr'>videtur</span> <span class='ocrx_word' id='word_1_72' title='bbox 1926 800 2052 843; x_wconf 86' lang='lat' dir='ltr'>vobis</span> 
     </span>
     <span class='ocr_line' id='line_1_10' title="bbox 430 870 2052 927; baseline -0.001 -13"><span class='ocrx_word' id='word_1_73' title='bbox 430 873 484 914; x_wconf 92' lang='lat' dir='ltr'>de</span> <span class='ocrx_word' id='word_1_74' title='bbox 522 871 656 914; x_wconf 84' lang='lat' dir='ltr'>factis</span> <span class='ocrx_word' id='word_1_75' title='bbox 694 872 872 914; x_wconf 82' lang='lat' dir='ltr'>Ytalie‘?</span> <span class='ocrx_word' id='word_1_76' title='bbox 940 872 1104 925; x_wconf 87' lang='lat' dir='ltr'>Vultis,</span> <span class='ocrx_word' id='word_1_77' title='bbox 1149 874 1282 927; x_wconf 89' lang='lat' dir='ltr'>pater</span> <span class='ocrx_word' id='word_1_78' title='bbox 1326 874 1494 923; x_wconf 89' lang='lat' dir='ltr'>sancte,</span> <span class='ocrx_word' id='word_1_79' title='bbox 1541 872 1661 926; x_wconf 90' lang='lat' dir='ltr'>quod</span> <span class='ocrx_word' id='word_1_80' title='bbox 1706 870 1853 913; x_wconf 87' lang='lat' dir='ltr'>dicam</span> <span class='ocrx_word' id='word_1_81' title='bbox 1896 871 2052 914; x_wconf 81' lang='lat' dir='ltr'>vobis?</span> 
     </span>
     <span class='ocr_line' id='line_1_11' title="bbox 429 942 2053 998; baseline 0 -14"><span class='ocrx_word' id='word_1_82' title='bbox 429 943 585 995; x_wconf 88' lang='lat' dir='ltr'>Video,</span> <span class='ocrx_word' id='word_1_83' title='bbox 634 944 768 998; x_wconf 86' lang='lat' dir='ltr'>quod,</span> <span class='ocrx_word' id='word_1_84' title='bbox 818 943 1031 998; x_wconf 87' lang='lat' dir='ltr'>quicquid</span> <span class='ocrx_word' id='word_1_85' title='bbox 1080 942 1358 998; x_wconf 83' lang='lat' dir='ltr'>expendistis</span> <span class='ocrx_word' id='word_1_86' title='bbox 1405 943 1531 996; x_wconf 66' lang='lat' dir='ltr'>neca)</span> <span class='ocrx_word' id='word_1_87' title='bbox 1581 942 1858 997; x_wconf 84' lang='lat' dir='ltr'>expendetis,</span> <span class='ocrx_word' id='word_1_88' title='bbox 1905 944 2053 984; x_wconf 86' lang='lat' dir='ltr'>totum</span> 
     </span>
     <span class='ocr_line' id='line_1_12' title="bbox 428 1012 2054 1070; baseline -0.001 -15"><span class='ocrx_word' id='word_1_89' title='bbox 428 1013 692 1070; x_wconf 80' lang='lat' dir='ltr'>perdidistis</span> <span class='ocrx_word' id='word_1_90' title='bbox 726 1016 769 1055; x_wconf 91' lang='lat' dir='ltr'>et</span> <span class='ocrx_word' id='word_1_91' title='bbox 808 1013 1020 1069; x_wconf 90' lang='lat' dir='ltr'>perdetis.</span> <span class='ocrx_word' id='word_1_92' title='bbox 1098 1013 1156 1054; x_wconf 88' lang='lat' dir='ltr'>Et</span> <span class='ocrx_word' id='word_1_93' title='bbox 1186 1026 1277 1055; x_wconf 92' lang='lat' dir='ltr'>non</span> <span class='ocrx_word' id='word_1_94' title='bbox 1316 1013 1461 1065; x_wconf 90' lang='lat' dir='ltr'>video,</span> <span class='ocrx_word' id='word_1_95' title='bbox 1508 1013 1626 1068; x_wconf 89' lang='lat' dir='ltr'>quod</span> <span class='ocrx_word' id='word_1_96' title='bbox 1669 1012 1734 1054; x_wconf 89' lang='lat' dir='ltr'>ibi</span> <span class='ocrx_word' id='word_1_97' title='bbox 1779 1012 1949 1068; x_wconf 85' lang='lat' dir='ltr'>aliquid</span> <span class='ocrx_word' id='word_1_98' title='bbox 1994 1012 2054 1055; x_wconf 91' lang='lat' dir='ltr'>sit</span> 
     </span>
     <span class='ocr_line' id='line_1_13' title="bbox 432 1082 2053 1139; baseline -0.001 -13"><span class='ocrx_word' id='word_1_99' title='bbox 432 1083 600 1126; x_wconf 89' lang='lat' dir='ltr'>factum</span> <span class='ocrx_word' id='word_1_100' title='bbox 634 1085 690 1126; x_wconf 90' lang='lat' dir='ltr'>ad</span> <span class='ocrx_word' id='word_1_101' title='bbox 722 1086 922 1127; x_wconf 87' lang='lat' dir='ltr'>vestrum</span> <span class='ocrx_word' id='word_1_102' title='bbox 954 1084 1169 1126; x_wconf 87' lang='lat' dir='ltr'>honorem</span> <span class='ocrx_word' id='word_1_103' title='bbox 1204 1097 1285 1125; x_wconf 90' lang='lat' dir='ltr'>nec</span> <span class='ocrx_word' id='word_1_104' title='bbox 1318 1083 1503 1126; x_wconf 75' lang='lat' dir='ltr'>ecclesie</span> <span class='ocrx_word' id='word_1_105' title='bbox 1532 1097 1614 1125; x_wconf 88' lang='grc'>1100</span> <span class='ocrx_word' id='word_1_106' title='bbox 1636 1096 1784 1138; x_wconf 89' lang='lat' dir='ltr'>spero,</span> <span class='ocrx_word' id='word_1_107' title='bbox 1808 1083 1928 1139; x_wconf 86' lang='lat' dir='ltr'>quod</span> <span class='ocrx_word' id='word_1_108' title='bbox 1949 1082 2053 1125; x_wconf 87' lang='grc'>111110</span> 
     </span>
     <span class='ocr_line' id='line_1_14' title="bbox 429 1153 2053 1210; baseline -0.001 -13"><span class='ocrx_word' id='word_1_109' title='bbox 429 1155 636 1198; x_wconf 88' lang='lat' dir='ltr'>habeatis</span> <span class='ocrx_word' id='word_1_110' title='bbox 679 1154 766 1198; x_wconf 92' lang='lat' dir='ltr'>nisi</span> <span class='ocrx_word' id='word_1_111' title='bbox 804 1154 1095 1210; x_wconf 87' lang='lat' dir='ltr'>improperia.</span> <span class='ocrx_word' id='word_1_112' title='bbox 1159 1153 1249 1206; x_wconf 78' lang='lat' dir='ltr'>Qui</span> <span class='ocrx_word' id='word_1_113' title='bbox 1290 1154 1542 1210; x_wconf 88' lang='lat' dir='ltr'>respondit:</span> <span class='ocrx_word' id='word_1_114' title='bbox 1587 1153 1731 1205; x_wconf 81' lang='lat' dir='ltr'>Certe,</span> <span class='ocrx_word' id='word_1_115' title='bbox 1775 1167 1856 1196; x_wconf 89' lang='lat' dir='ltr'>vos</span> <span class='ocrx_word' id='word_1_116' title='bbox 1900 1167 2053 1196; x_wconf 86' lang='lat' dir='ltr'>verum</span> 
     </span>
     <span class='ocr_line' id='line_1_15' title="bbox 430 1224 2054 1281; baseline -0.001 -13"><span class='ocrx_word' id='word_1_117' title='bbox 430 1225 593 1279; x_wconf 85' lang='lat' dir='ltr'>dicitis,</span> <span class='ocrx_word' id='word_1_118' title='bbox 642 1226 761 1281; x_wconf 88' lang='lat' dir='ltr'>quod</span> <span class='ocrx_word' id='word_1_119' title='bbox 817 1239 905 1267; x_wconf 90' lang='grc'>11011</span> <span class='ocrx_word' id='word_1_120' title='bbox 962 1224 1149 1268; x_wconf 84' lang='lat' dir='ltr'>fecimus</span> <span class='ocrx_word' id='word_1_121' title='bbox 1196 1225 1260 1266; x_wconf 91' lang='grc'>1111</span> <span class='ocrx_word' id='word_1_122' title='bbox 1307 1238 1448 1280; x_wconf 90' lang='lat' dir='ltr'>usque</span> <span class='ocrx_word' id='word_1_123' title='bbox 1500 1237 1617 1267; x_wconf 90' lang='grc'>1111110</span> <span class='ocrx_word' id='word_1_124' title='bbox 1668 1224 1756 1267; x_wconf 89' lang='grc'>11151</span> <span class='ocrx_word' id='word_1_125' title='bbox 1808 1226 2054 1280; x_wconf 84' lang='grc'>(10111111111111</span> 
     </span>
     <span class='ocr_line' id='line_1_16' title="bbox 429 1294 1955 1351; baseline -0.001 -13"><span class='ocrx_word' id='word_1_126' title='bbox 429 1299 649 1339; x_wconf 87' lang='lat' dir='ltr'>nostrum.</span> <span class='ocrx_word' id='word_1_127' title='bbox 712 1297 769 1338; x_wconf 89' lang='lat' dir='ltr'>Et</span> <span class='ocrx_word' id='word_1_128' title='bbox 800 1309 882 1338; x_wconf 91' lang='lat' dir='ltr'>nos</span> <span class='ocrx_word' id='word_1_129' title='bbox 916 1296 961 1337; x_wconf 91' lang='lat' dir='ltr'>in</span> <span class='ocrx_word' id='word_1_130' title='bbox 993 1295 1210 1351; x_wconf 85' lang='lat' dir='ltr'>predictis</span> <span class='ocrx_word' id='word_1_131' title='bbox 1242 1294 1411 1338; x_wconf 89' lang='lat' dir='ltr'>fuimus</span> <span class='ocrx_word' id='word_1_132' title='bbox 1443 1308 1586 1351; x_wconf 87' lang='lat' dir='ltr'>usque</span> <span class='ocrx_word' id='word_1_133' title='bbox 1618 1309 1736 1337; x_wconf 89' lang='lat' dir='ltr'>nunc</span> <span class='ocrx_word' id='word_1_134' title='bbox 1767 1295 1955 1351; x_wconf 89' lang='lat' dir='ltr'>decepti.</span> 
     </span>
    </p>
   </div>
   <div class='ocr_carea' id='block_1_4' title="bbox 428 1389 2059 2860">
    <p class='ocr_par' dir='ltr' id='par_1_4' title="bbox 428 1389 2059 2860">
     <span class='ocr_line' id='line_1_17' title="bbox 571 1389 2055 1446; baseline -0.001 -14"><span class='ocrx_word' id='word_1_135' title='bbox 571 1390 762 1432; x_wconf 88' lang='lat' dir='ltr'>Videtur</span> <span class='ocrx_word' id='word_1_136' title='bbox 799 1389 950 1442; x_wconf 91' lang='lat' dir='ltr'>michi,</span> <span class='ocrx_word' id='word_1_137' title='bbox 995 1389 1122 1433; x_wconf 89' lang='lat' dir='ltr'>salvo</span> <span class='ocrx_word' id='word_1_138' title='bbox 1163 1390 1341 1432; x_wconf 90' lang='lat' dir='ltr'>meliori</span> <span class='ocrx_word' id='word_1_139' title='bbox 1386 1390 1594 1441; x_wconf 89' lang='lat' dir='ltr'>consilio,</span> <span class='ocrx_word' id='word_1_140' title='bbox 1638 1404 1691 1431; x_wconf 84' lang='lat' dir='ltr'>ex</span> <span class='ocrx_word' id='word_1_141' title='bbox 1724 1403 1813 1446; x_wconf 87' lang='lat' dir='ltr'>quo</span> <span class='ocrx_word' id='word_1_142' title='bbox 1846 1389 2055 1432; x_wconf 89' lang='lat' dir='ltr'>dominus</span> 
     </span>
     <span class='ocr_line' id='line_1_18' title="bbox 429 1460 2054 1516; baseline -0.001 -12"><span class='ocrx_word' id='word_1_143' title='bbox 429 1463 585 1504; x_wconf 87' lang='lat' dir='ltr'>noster</span> <span class='ocrx_word' id='word_1_144' title='bbox 615 1474 736 1516; x_wconf 88' lang='lat' dir='ltr'>papa</span> <span class='ocrx_word' id='word_1_145' title='bbox 768 1461 853 1503; x_wconf 88' lang='lat' dir='ltr'>scit</span> <span class='ocrx_word' id='word_1_146' title='bbox 884 1461 1138 1516; x_wconf 89' lang='lat' dir='ltr'>predictum</span> <span class='ocrx_word' id='word_1_147' title='bbox 1170 1461 1422 1516; x_wconf 83' lang='lat' dir='ltr'>negocium,</span> <span class='ocrx_word' id='word_1_148' title='bbox 1457 1461 1576 1515; x_wconf 83' lang='lat' dir='ltr'>quod</span> <span class='ocrx_word' id='word_1_149' title='bbox 1609 1475 1690 1516; x_wconf 87' lang='lat' dir='ltr'>per</span> <span class='ocrx_word' id='word_1_150' title='bbox 1723 1463 1899 1503; x_wconf 90' lang='lat' dir='ltr'>vestras</span> <span class='ocrx_word' id='word_1_151' title='bbox 1932 1460 2054 1502; x_wconf 88' lang='lat' dir='ltr'>litte·</span> 
     </span>
     <span class='ocr_line' id='line_1_19' title="bbox 428 1531 2055 1587; baseline -0.001 -13"><span class='ocrx_word' id='word_1_152' title='bbox 428 1545 506 1574; x_wconf 89' lang='lat' dir='ltr'>ras</span> <span class='ocrx_word' id='word_1_153' title='bbox 550 1532 619 1573; x_wconf 88' lang='lat' dir='ltr'>vel</span> <span class='ocrx_word' id='word_1_154' title='bbox 664 1545 745 1587; x_wconf 92' lang='lat' dir='ltr'>per</span> <span class='ocrx_word' id='word_1_155' title='bbox 786 1531 930 1574; x_wconf 91' lang='lat' dir='ltr'>dictos</span> <span class='ocrx_word' id='word_1_156' title='bbox 974 1532 1161 1575; x_wconf 87' lang='lat' dir='ltr'>nuncios</span> <span class='ocrx_word' id='word_1_157' title='bbox 1201 1532 1409 1575; x_wconf 88' lang='lat' dir='ltr'>habeatis</span> <span class='ocrx_word' id='word_1_158' title='bbox 1447 1532 1649 1587; x_wconf 92' lang='lat' dir='ltr'>predicto</span> <span class='ocrx_word' id='word_1_159' title='bbox 1684 1532 1864 1573; x_wconf 88' lang='lat' dir='ltr'>domino</span> <span class='ocrx_word' id='word_1_160' title='bbox 1897 1534 2055 1574; x_wconf 90' lang='lat' dir='ltr'>nostro</span> 
     </span>
     <span class='ocr_line' id='line_1_20' title="bbox 429 1602 2056 1658; baseline 0 -14"><span class='ocrx_word' id='word_1_161' title='bbox 429 1606 631 1658; x_wconf 88' lang='lat' dir='ltr'>tangere,</span> <span class='ocrx_word' id='word_1_162' title='bbox 665 1603 844 1656; x_wconf 89' lang='lat' dir='ltr'>quando</span> <span class='ocrx_word' id='word_1_163' title='bbox 878 1602 1029 1645; x_wconf 83' lang='lat' dir='ltr'>fuistis</span> <span class='ocrx_word' id='word_1_164' title='bbox 1061 1602 1232 1658; x_wconf 88' lang='lat' dir='ltr'>pluries</span> <span class='ocrx_word' id='word_1_165' title='bbox 1265 1602 1511 1657; x_wconf 86' lang='lat' dir='ltr'>requisitus</span> <span class='ocrx_word' id='word_1_166' title='bbox 1539 1604 1595 1644; x_wconf 90' lang='lat' dir='ltr'>ad</span> <span class='ocrx_word' id='word_1_167' title='bbox 1627 1602 1899 1645; x_wconf 81' lang='lat' dir='ltr'>instanciam</span> <span class='ocrx_word' id='word_1_168' title='bbox 1930 1602 2056 1645; x_wconf 90' lang='lat' dir='ltr'>Pisa-</span> 
     </span>
     <span class='ocr_line' id='line_1_21' title="bbox 429 1673 2057 1729; baseline 0 -14"><span class='ocrx_word' id='word_1_169' title='bbox 429 1687 591 1716; x_wconf 89' lang='lat' dir='ltr'>norum</span> <span class='ocrx_word' id='word_1_170' title='bbox 639 1674 692 1715; x_wconf 89' lang='lat' dir='ltr'>de</span> <span class='ocrx_word' id='word_1_171' title='bbox 741 1673 992 1716; x_wconf 87' lang='lat' dir='ltr'>concordia.</span> <span class='ocrx_word' id='word_1_172' title='bbox 1071 1674 1130 1716; x_wconf 90' lang='lat' dir='ltr'>Et</span> <span class='ocrx_word' id='word_1_173' title='bbox 1177 1676 1406 1729; x_wconf 88' lang='lat' dir='ltr'>ponantur</span> <span class='ocrx_word' id='word_1_174' title='bbox 1452 1673 1517 1715; x_wconf 88' lang='lat' dir='ltr'>ibi</span> <span class='ocrx_word' id='word_1_175' title='bbox 1565 1673 1718 1729; x_wconf 82' lang='lat' dir='ltr'>aliqua</span> <span class='ocrx_word' id='word_1_176' title='bbox 1749 1674 1869 1715; x_wconf 89' lang='lat' dir='ltr'>bona</span> <span class='ocrx_word' id='word_1_177' title='bbox 1916 1674 2057 1716; x_wconf 90' lang='lat' dir='ltr'>verba</span> 
     </span>
     <span class='ocr_line' id='line_1_22' title="bbox 429 1744 2057 1800; baseline -0.001 -14"><span class='ocrx_word' id='word_1_178' title='bbox 429 1744 558 1786; x_wconf 84' lang='lat' dir='ltr'>iuxta</span> <span class='ocrx_word' id='word_1_179' title='bbox 590 1746 795 1787; x_wconf 89' lang='lat' dir='ltr'>sanctam</span> <span class='ocrx_word' id='word_1_180' title='bbox 827 1744 1129 1787; x_wconf 87' lang='lat' dir='ltr'>intencionem</span> <span class='ocrx_word' id='word_1_181' title='bbox 1161 1745 1349 1800; x_wconf 88' lang='lat' dir='ltr'>regiam,</span> <span class='ocrx_word' id='word_1_182' title='bbox 1384 1758 1469 1800; x_wconf 84' lang='lat' dir='ltr'>que</span> <span class='ocrx_word' id='word_1_183' title='bbox 1502 1744 1643 1786; x_wconf 88' lang='lat' dir='ltr'>eciam</span> <span class='ocrx_word' id='word_1_184' title='bbox 1678 1747 1809 1786; x_wconf 91' lang='lat' dir='ltr'>erunt</span> <span class='ocrx_word' id='word_1_185' title='bbox 1840 1744 1886 1786; x_wconf 85' lang='lat' dir='ltr'>in</span> <span class='ocrx_word' id='word_1_186' title='bbox 1922 1744 2057 1786; x_wconf 88' lang='lat' dir='ltr'>rubo-</span> 
     </span>
     <span class='ocr_line' id='line_1_23' title="bbox 429 1815 2057 1870; baseline 0.001 -14"><span class='ocrx_word' id='word_1_187' title='bbox 429 1829 524 1856; x_wconf 87' lang='lat' dir='ltr'>rem</span> <span class='ocrx_word' id='word_1_188' title='bbox 579 1828 657 1857; x_wconf 92' lang='lat' dir='ltr'>sue</span> <span class='ocrx_word' id='word_1_189' title='bbox 708 1828 921 1870; x_wconf 88' lang='lat' dir='ltr'>perverse</span> <span class='ocrx_word' id='word_1_190' title='bbox 973 1815 1264 1857; x_wconf 82' lang='lat' dir='ltr'>intencionis:</span> <span class='ocrx_word' id='word_1_191' title='bbox 1326 1816 1409 1858; x_wconf 89' lang='lat' dir='ltr'>sub</span> <span class='ocrx_word' id='word_1_192' title='bbox 1457 1815 1540 1857; x_wconf 90' lang='lat' dir='ltr'>tali</span> <span class='ocrx_word' id='word_1_193' title='bbox 1588 1819 1739 1857; x_wconf 88' lang='lat' dir='ltr'>tamen</span> <span class='ocrx_word' id='word_1_194' title='bbox 1787 1816 1942 1867; x_wconf 89' lang='lat' dir='ltr'>modo,</span> <span class='ocrx_word' id='word_1_195' title='bbox 2006 1817 2057 1857; x_wconf 93' lang='lat' dir='ltr'>ut</span> 
     </span>
     <span class='ocr_line' id='line_1_24' title="bbox 431 1886 2054 1942; baseline 0 -15"><span class='ocrx_word' id='word_1_196' title='bbox 431 1888 664 1938; x_wconf 89' lang='lat' dir='ltr'>caveatur,</span> <span class='ocrx_word' id='word_1_197' title='bbox 723 1900 777 1928; x_wconf 89' lang='lat' dir='ltr'>ne</span> <span class='ocrx_word' id='word_1_198' title='bbox 831 1886 1000 1928; x_wconf 89' lang='lat' dir='ltr'>dictum</span> <span class='ocrx_word' id='word_1_199' title='bbox 1047 1886 1285 1942; x_wconf 84' lang='lat' dir='ltr'>negocium</span> <span class='ocrx_word' id='word_1_200' title='bbox 1337 1887 1384 1928; x_wconf 91' lang='lat' dir='ltr'>in</span> <span class='ocrx_word' id='word_1_201' title='bbox 1435 1886 1646 1929; x_wconf 85' lang='lat' dir='ltr'>manibus</span> <span class='ocrx_word' id='word_1_202' title='bbox 1699 1886 1792 1929; x_wconf 87' lang='lat' dir='ltr'>suis</span> <span class='ocrx_word' id='word_1_203' title='bbox 1844 1888 2054 1941; x_wconf 90' lang='lat' dir='ltr'>ponatur.</span> 
     </span>
     <span class='ocr_line' id='line_1_25' title="bbox 429 1956 2056 2011; baseline 0 -13"><span class='ocrx_word' id='word_1_204' title='bbox 429 1957 563 1999; x_wconf 89' lang='lat' dir='ltr'>Esset</span> <span class='ocrx_word' id='word_1_205' title='bbox 595 1956 712 1998; x_wconf 92' lang='lat' dir='ltr'>enim</span> <span class='ocrx_word' id='word_1_206' title='bbox 746 1957 993 1999; x_wconf 91' lang='lat' dir='ltr'>secundum</span> <span class='ocrx_word' id='word_1_207' title='bbox 1024 1957 1339 2009; x_wconf 90' lang='lat' dir='ltr'>intencionem,</span> <span class='ocrx_word' id='word_1_208' title='bbox 1374 1970 1510 2011; x_wconf 88' lang='lat' dir='ltr'>quam</span> <span class='ocrx_word' id='word_1_209' title='bbox 1538 1970 1680 2011; x_wconf 82' lang='lat' dir='ltr'>usque</span> <span class='ocrx_word' id='word_1_210' title='bbox 1702 1970 1821 1998; x_wconf 89' lang='lat' dir='ltr'>nunc</span> <span class='ocrx_word' id='word_1_211' title='bbox 1843 1956 2056 2010; x_wconf 86' lang='lat' dir='ltr'>ostendit,</span> 
     </span>
     <span class='ocr_line' id='line_1_26' title="bbox 429 2027 2057 2083; baseline 0.001 -15"><span class='ocrx_word' id='word_1_212' title='bbox 429 2027 802 2082; x_wconf 88' lang='lat' dir='ltr'>impedimentum</span> <span class='ocrx_word' id='word_1_213' title='bbox 834 2028 979 2071; x_wconf 90' lang='lat' dir='ltr'>tocius</span> <span class='ocrx_word' id='word_1_214' title='bbox 1012 2028 1200 2083; x_wconf 86' lang='lat' dir='ltr'>negocii.</span> <span class='ocrx_word' id='word_1_215' title='bbox 1266 2027 1344 2070; x_wconf 81' lang='lat' dir='ltr'>Set</span> <span class='ocrx_word' id='word_1_216' title='bbox 1369 2042 1425 2070; x_wconf 91' lang='lat' dir='ltr'>ne</span> <span class='ocrx_word' id='word_1_217' title='bbox 1447 2028 1656 2070; x_wconf 89' lang='lat' dir='ltr'>videatur</span> <span class='ocrx_word' id='word_1_218' title='bbox 1677 2027 1805 2083; x_wconf 90' lang='lat' dir='ltr'>regia</span> <span class='ocrx_word' id='word_1_219' title='bbox 1825 2030 2057 2082; x_wconf 88' lang='lat' dir='ltr'>magestas</span> 
     </span>
     <span class='ocr_line' id='line_1_27' title="bbox 430 2098 2058 2154; baseline 0 -15"><span class='ocrx_word' id='word_1_220' title='bbox 430 2098 597 2139; x_wconf 91' lang='lat' dir='ltr'>habere</span> <span class='ocrx_word' id='word_1_221' title='bbox 640 2112 741 2140; x_wconf 89' lang='lat' dir='ltr'>eum</span> <span class='ocrx_word' id='word_1_222' title='bbox 783 2101 1044 2154; x_wconf 88' lang='lat' dir='ltr'>suspectum</span> <span class='ocrx_word' id='word_1_223' title='bbox 1086 2101 1130 2141; x_wconf 92' lang='lat' dir='ltr'>et</span> <span class='ocrx_word' id='word_1_224' title='bbox 1172 2100 1291 2154; x_wconf 85' lang='lat' dir='ltr'>quod</span> <span class='ocrx_word' id='word_1_225' title='bbox 1324 2099 1474 2141; x_wconf 88' lang='lat' dir='ltr'>velitis</span> <span class='ocrx_word' id='word_1_226' title='bbox 1509 2100 1565 2142; x_wconf 91' lang='lat' dir='ltr'>ab</span> <span class='ocrx_word' id='word_1_227' title='bbox 1599 2112 1649 2141; x_wconf 94' lang='lat' dir='ltr'>eo</span> <span class='ocrx_word' id='word_1_228' title='bbox 1684 2111 1856 2151; x_wconf 88' lang='lat' dir='ltr'>cavere,</span> <span class='ocrx_word' id='word_1_229' title='bbox 1890 2098 2058 2140; x_wconf 88' lang='lat' dir='ltr'>bonum</span> 
     </span>
     <span class='ocr_line' id='line_1_28' title="bbox 432 2168 2058 2226; baseline 0 -16"><span class='ocrx_word' id='word_1_230' title='bbox 432 2168 517 2210; x_wconf 87' lang='lat' dir='ltr'>erit</span> <span class='ocrx_word' id='word_1_231' title='bbox 549 2169 631 2211; x_wconf 92' lang='lat' dir='ltr'>sub</span> <span class='ocrx_word' id='word_1_232' title='bbox 666 2171 798 2211; x_wconf 89' lang='lat' dir='ltr'>cauto</span> <span class='ocrx_word' id='word_1_233' title='bbox 830 2170 964 2212; x_wconf 91' lang='lat' dir='ltr'>modo</span> <span class='ocrx_word' id='word_1_234' title='bbox 997 2169 1203 2226; x_wconf 87' lang='lat' dir='ltr'>predicta</span> <span class='ocrx_word' id='word_1_235' title='bbox 1227 2169 1496 2225; x_wconf 89' lang='lat' dir='ltr'>significare.</span> <span class='ocrx_word' id='word_1_236' title='bbox 1552 2169 1745 2225; x_wconf 86' lang='lat' dir='ltr'>Oportet</span> <span class='ocrx_word' id='word_1_237' title='bbox 1774 2168 1891 2210; x_wconf 89' lang='lat' dir='ltr'>enim</span> <span class='ocrx_word' id='word_1_238' title='bbox 1913 2168 2058 2210; x_wconf 86' lang='lat' dir='ltr'>multa</span> 
     </span>
     <span class='ocr_line' id='line_1_29' title="bbox 432 2238 2057 2296; baseline -0.001 -14"><span class='ocrx_word' id='word_1_239' title='bbox 432 2238 741 2292; x_wconf 85' lang='lat' dir='ltr'>dissimulare,</span> <span class='ocrx_word' id='word_1_240' title='bbox 790 2240 897 2295; x_wconf 88' lang='lat' dir='ltr'>quia</span> <span class='ocrx_word' id='word_1_241' title='bbox 941 2240 1148 2283; x_wconf 88' lang='lat' dir='ltr'>dominus</span> <span class='ocrx_word' id='word_1_242' title='bbox 1182 2243 1248 2283; x_wconf 84' lang='grc'>051</span> <span class='ocrx_word' id='word_1_243' title='bbox 1284 2242 1326 2282; x_wconf 86' lang='grc'>01</span> <span class='ocrx_word' id='word_1_244' title='bbox 1356 2240 1556 2296; x_wconf 88' lang='lat' dir='ltr'>peccatis</span> <span class='ocrx_word' id='word_1_245' title='bbox 1588 2239 1757 2283; x_wconf 89' lang='lat' dir='ltr'>nostris</span> <span class='ocrx_word' id='word_1_246' title='bbox 1791 2239 2057 2295; x_wconf 86' lang='lat' dir='ltr'>exgentibus</span> 
     </span>
     <span class='ocr_line' id='line_1_30' title="bbox 431 2309 2057 2367; baseline 0.001 -16"><span class='ocrx_word' id='word_1_247' title='bbox 431 2311 610 2364; x_wconf 90' lang='lat' dir='ltr'>tempus</span> <span class='ocrx_word' id='word_1_248' title='bbox 659 2313 727 2352; x_wconf 92' lang='lat' dir='ltr'>est</span> <span class='ocrx_word' id='word_1_249' title='bbox 772 2324 935 2367; x_wconf 89' lang='lat' dir='ltr'>magne</span> <span class='ocrx_word' id='word_1_250' title='bbox 984 2310 1378 2354; x_wconf 88' lang='lat' dir='ltr'>dissimulacionis.</span> <span class='ocrx_word' id='word_1_251' title='bbox 1466 2311 1710 2353; x_wconf 90' lang='lat' dir='ltr'>Mittantur</span> <span class='ocrx_word' id='word_1_252' title='bbox 1751 2310 1887 2352; x_wconf 90' lang='lat' dir='ltr'>etiam</span> <span class='ocrx_word' id='word_1_253' title='bbox 1928 2309 2057 2363; x_wconf 88' lang='lat' dir='ltr'>tales,</span> 
     </span>
     <span class='ocr_line' id='line_1_31' title="bbox 432 2380 2057 2437; baseline 0 -15"><span class='ocrx_word' id='word_1_254' title='bbox 432 2381 551 2434; x_wconf 90' lang='lat' dir='ltr'>quod</span> <span class='ocrx_word' id='word_1_255' title='bbox 599 2394 687 2423; x_wconf 92' lang='lat' dir='ltr'>non</span> <span class='ocrx_word' id='word_1_256' title='bbox 734 2382 913 2437; x_wconf 90' lang='lat' dir='ltr'>possint</span> <span class='ocrx_word' id='word_1_257' title='bbox 945 2381 1090 2437; x_wconf 89' lang='lat' dir='ltr'>decipi</span> <span class='ocrx_word' id='word_1_258' title='bbox 1121 2395 1203 2424; x_wconf 92' lang='lat' dir='ltr'>nec</span> <span class='ocrx_word' id='word_1_259' title='bbox 1235 2381 1389 2424; x_wconf 89' lang='lat' dir='ltr'>seduci</span> <span class='ocrx_word' id='word_1_260' title='bbox 1422 2381 1650 2424; x_wconf 90' lang='lat' dir='ltr'>beneficiis</span> <span class='ocrx_word' id='word_1_261' title='bbox 1683 2395 1765 2423; x_wconf 93' lang='lat' dir='ltr'>nec</span> <span class='ocrx_word' id='word_1_262' title='bbox 1798 2380 1900 2423; x_wconf 83' lang='lat' dir='ltr'>aliis</span> <span class='ocrx_word' id='word_1_263' title='bbox 1932 2380 2057 2423; x_wconf 89' lang='lat' dir='ltr'>obla-</span> 
     </span>
     <span class='ocr_line' id='line_1_32' title="bbox 432 2450 2052 2508; baseline 0.001 -16"><span class='ocrx_word' id='word_1_264' title='bbox 432 2450 650 2504; x_wconf 85' lang='lat' dir='ltr'>cionibus,</span> <span class='ocrx_word' id='word_1_265' title='bbox 684 2452 790 2505; x_wconf 88' lang='lat' dir='ltr'>quia</span> <span class='ocrx_word' id='word_1_266' title='bbox 822 2452 945 2494; x_wconf 90' lang='lat' dir='ltr'>venit</span> <span class='ocrx_word' id='word_1_267' title='bbox 976 2455 1170 2508; x_wconf 88' lang='lat' dir='ltr'>tempus,</span> <span class='ocrx_word' id='word_1_268' title='bbox 1204 2452 1251 2494; x_wconf 90' lang='lat' dir='ltr'>in</span> <span class='ocrx_word' id='word_1_269' title='bbox 1284 2465 1371 2507; x_wconf 87' lang='lat' dir='ltr'>quo</span> <span class='ocrx_word' id='word_1_270' title='bbox 1409 2452 1687 2495; x_wconf 83' lang='lat' dir='ltr'>verifficatur</span> <span class='ocrx_word' id='word_1_271' title='bbox 1708 2451 1822 2494; x_wconf 89' lang='lat' dir='ltr'>illud</span> <span class='ocrx_word' id='word_1_272' title='bbox 1847 2452 2052 2494; x_wconf 86' lang='lat' dir='ltr'>verbum:</span> 
     </span>
     <span class='ocr_line' id='line_1_33' title="bbox 431 2521 2057 2566; baseline 0 -2"><span class='ocrx_word' id='word_1_273' title='bbox 431 2522 483 2564; x_wconf 90' lang='lat' dir='ltr'>In</span> <span class='ocrx_word' id='word_1_274' title='bbox 517 2521 638 2563; x_wconf 91' lang='lat' dir='ltr'>omni</span> <span class='ocrx_word' id='word_1_275' title='bbox 670 2521 811 2564; x_wconf 86' lang='lat' dir='ltr'>fratre</span> <span class='ocrx_word' id='word_1_276' title='bbox 843 2525 922 2565; x_wconf 92' lang='lat' dir='ltr'>tuo</span> <span class='ocrx_word' id='word_1_277' title='bbox 955 2537 1044 2566; x_wconf 90' lang='lat' dir='ltr'>non</span> <span class='ocrx_word' id='word_1_278' title='bbox 1067 2523 1237 2565; x_wconf 89' lang='lat' dir='ltr'>habeas</span> <span class='ocrx_word' id='word_1_279' title='bbox 1259 2522 1485 2565; x_wconf 87' lang='lat' dir='ltr'>fiduciam.</span> <span class='ocrx_word' id='word_1_280' title='bbox 1539 2523 1698 2565; x_wconf 89' lang='lat' dir='ltr'>Habeo</span> <span class='ocrx_word' id='word_1_281' title='bbox 1724 2522 1841 2565; x_wconf 89' lang='lat' dir='ltr'>enim</span> <span class='ocrx_word' id='word_1_282' title='bbox 1868 2522 2057 2564; x_wconf 88' lang='lat' dir='ltr'>verbum</span> 
     </span>
     <span class='ocr_line' id='line_1_34' title="bbox 431 2592 2058 2649; baseline 0 -16"><span class='ocrx_word' id='word_1_283' title='bbox 431 2592 698 2648; x_wconf 88' lang='lat' dir='ltr'>predictum,</span> <span class='ocrx_word' id='word_1_284' title='bbox 744 2593 911 2635; x_wconf 89' lang='lat' dir='ltr'>dictum</span> <span class='ocrx_word' id='word_1_285' title='bbox 953 2607 1034 2649; x_wconf 88' lang='lat' dir='ltr'>per</span> <span class='ocrx_word' id='word_1_286' title='bbox 1075 2593 1307 2636; x_wconf 91' lang='lat' dir='ltr'>dominum</span> <span class='ocrx_word' id='word_1_287' title='bbox 1347 2596 1555 2636; x_wconf 90' lang='lat' dir='ltr'>nostrum</span> <span class='ocrx_word' id='word_1_288' title='bbox 1593 2594 1737 2635; x_wconf 91' lang='lat' dir='ltr'>amico</span> <span class='ocrx_word' id='word_1_289' title='bbox 1770 2593 1895 2648; x_wconf 89' lang='lat' dir='ltr'>regio</span> <span class='ocrx_word' id='word_1_290' title='bbox 1926 2592 2058 2634; x_wconf 88' lang='lat' dir='ltr'>valde</span> 
     </span>
     <span class='ocr_line' id='line_1_35' title="bbox 432 2663 2058 2720; baseline -0.001 -15"><span class='ocrx_word' id='word_1_291' title='bbox 432 2665 706 2717; x_wconf 86' lang='lat' dir='ltr'>suspectum,</span> <span class='ocrx_word' id='word_1_292' title='bbox 752 2663 944 2706; x_wconf 87' lang='lat' dir='ltr'>scilicet:</span> <span class='ocrx_word' id='word_1_293' title='bbox 991 2666 1124 2720; x_wconf 86' lang='lat' dir='ltr'>quod,</span> <span class='ocrx_word' id='word_1_294' title='bbox 1164 2666 1344 2720; x_wconf 89' lang='lat' dir='ltr'>quando</span> <span class='ocrx_word' id='word_1_295' title='bbox 1386 2664 1593 2707; x_wconf 88' lang='lat' dir='ltr'>venirent</span> <span class='ocrx_word' id='word_1_296' title='bbox 1630 2663 1781 2706; x_wconf 89' lang='lat' dir='ltr'>nuncii</span> <span class='ocrx_word' id='word_1_297' title='bbox 1814 2663 1941 2718; x_wconf 88' lang='lat' dir='ltr'>regii,</span> <span class='ocrx_word' id='word_1_298' title='bbox 1983 2663 2058 2704; x_wconf 92' lang='lat' dir='ltr'>de-</span> 
     </span>
     <span class='ocr_line' id='line_1_36' title="bbox 431 2733 2056 2790; baseline 0.001 -16"><span class='ocrx_word' id='word_1_299' title='bbox 431 2733 561 2775; x_wconf 88' lang='lat' dir='ltr'>beret</span> <span class='ocrx_word' id='word_1_300' title='bbox 593 2733 679 2774; x_wconf 86' lang='lat' dir='ltr'>sibi</span> <span class='ocrx_word' id='word_1_301' title='bbox 712 2734 980 2788; x_wconf 82' lang='lat' dir='ltr'>significare.</span> <span class='ocrx_word' id='word_1_302' title='bbox 1045 2736 1237 2778; x_wconf 88' lang='lat' dir='ltr'>Necesse</span> <span class='ocrx_word' id='word_1_303' title='bbox 1270 2737 1338 2777; x_wconf 93' lang='lat' dir='ltr'>est</span> <span class='ocrx_word' id='word_1_304' title='bbox 1371 2735 1527 2788; x_wconf 88' lang='lat' dir='ltr'>eciam,</span> <span class='ocrx_word' id='word_1_305' title='bbox 1570 2735 1690 2790; x_wconf 86' lang='lat' dir='ltr'>quod</span> <span class='ocrx_word' id='word_1_306' title='bbox 1722 2734 1837 2777; x_wconf 90' lang='lat' dir='ltr'>tales</span> <span class='ocrx_word' id='word_1_307' title='bbox 1868 2733 2056 2786; x_wconf 84' lang='lat' dir='ltr'>mitatis,</span> 
     </span>
     <span class='ocr_line' id='line_1_37' title="bbox 433 2803 2059 2860; baseline 0.001 -15"><span class='ocrx_word' id='word_1_308' title='bbox 433 2803 487 2845; x_wconf 91' lang='lat' dir='ltr'>de</span> <span class='ocrx_word' id='word_1_309' title='bbox 529 2803 691 2858; x_wconf 86' lang='lat' dir='ltr'>quibus</span> <span class='ocrx_word' id='word_1_310' title='bbox 725 2804 896 2847; x_wconf 88' lang='lat' dir='ltr'>amicus</span> <span class='ocrx_word' id='word_1_311' title='bbox 929 2805 1139 2858; x_wconf 87' lang='lat' dir='ltr'>confidat,</span> <span class='ocrx_word' id='word_1_312' title='bbox 1173 2805 1280 2860; x_wconf 86' lang='lat' dir='ltr'>quia</span> <span class='ocrx_word' id='word_1_313' title='bbox 1311 2805 1505 2848; x_wconf 90' lang='lat' dir='ltr'>multum</span> <span class='ocrx_word' id='word_1_314' title='bbox 1538 2805 1738 2858; x_wconf 87' lang='lat' dir='ltr'>dubitat,</span> <span class='ocrx_word' id='word_1_315' title='bbox 1780 2805 1900 2859; x_wconf 89' lang='lat' dir='ltr'>quod</span> <span class='ocrx_word' id='word_1_316' title='bbox 1931 2803 2059 2859; x_wconf 84' lang='lat' dir='ltr'>regia</span> 
     </span>
    </p>
   </div>
   <div class='ocr_carea' id='block_1_5' title="bbox 575 2908 758 2949">
    <p class='ocr_par' dir='ltr' id='par_1_5' title="bbox 575 2908 758 2949">
     <span class='ocr_line' id='line_1_38' title="bbox 575 2908 758 2949; baseline 0.005 -6"><span class='ocrx_word' id='word_1_317' title='bbox 575 2909 604 2949; x_wconf 67' lang='grc' dir='ltr'>ὃ)</span> <span class='ocrx_word' id='word_1_318' title='bbox 630 2908 673 2943; x_wconf 80' lang='lat' dir='ltr'>So</span> <span class='ocrx_word' id='word_1_319' title='bbox 700 2909 758 2945; x_wconf 91' lang='lat' dir='ltr'>Or.</span> 
     </span>
    </p>
   </div>
  </div>
 </body>
</html>
