2296 3512
1099 261 1415 301 —662—

449 400 535 442 que
567 390 782 440 vestrum,
817 421 824 428 .
851 421 859 428 .
885 422 892 429 .
917 401 1072 430 omnes
1104 390 1255 431 vestro
1280 389 1476 431 dominio
1499 388 1653 432 fideles
1680 390 1905 433 subiectos
1929 393 2064 445 atque

450 459 635 500 devotos
673 458 719 500 in
751 458 902 514 gratia
934 471 1016 501 sua
1046 459 1262 514 perficere
1296 463 1338 501 et
1371 473 1638 502 conservare
1670 474 1752 503 sua
1783 461 2062 515 benignitate

449 528 660 583 dignetur
704 529 761 571 ad
793 529 863 571 sui
905 528 1085 571 laudem
1119 532 1162 572 et
1193 530 1399 585 gloriam,
1434 530 1573 573 vestri
1604 530 1839 587 utriusque
1870 531 2064 573 hominis

448 598 696 654 perfectam
754 600 945 641 letitiam
998 600 1226 656 totiusque
1289 601 1417 656 regni
1475 602 1761 643 concordiam
1813 604 1856 643 et
1906 615 2065 657 pacem

449 669 797 725 tranquillitatis
842 671 1130 727 omniumque
1162 671 1257 713 Deo
1303 672 1472 714 servire
1510 672 1757 714 volentium
1788 672 1990 728 regimen
2023 675 2067 714 et

449 740 738 782 securitatem
770 740 1031 796 perfectam.

592 834 649 877 Ut
688 835 938 878 iustissimo
985 838 1028 877 et
1059 836 1264 892 piissimo
1305 836 1485 878 domino
1518 840 1673 879 nostro
1706 837 1803 892 regi
1834 837 2066 880 omnibus-

449 918 534 959 que
578 906 781 961 prelatis,
824 907 1063 962 religiosis,
1103 907 1221 949 clero
1265 910 1308 948 et
1346 907 1545 962 p[opulo]
1579 910 1840 950 nostrorum
1872 907 2067 950 fratrum

448 975 672 1018 Minorum
709 990 960 1032 pauperum
992 977 1182 1020 intentio
1209 977 1481 1029 innotescat,
1516 978 1776 1033 aliqualiter
1798 992 1898 1020 cum
1921 978 2066 1020 brevi-

448 1049 542 1088 tate
577 1060 866 1102 exponemus,
901 1049 1020 1104 quod
1052 1048 1178 1090 illam
1210 1047 1531 1103 perfectionem
1563 1062 1744 1091 servare
1775 1049 2066 1101 intendimus,

449 1131 584 1172 quam
627 1117 834 1162 Christus
888 1119 1107 1175 apostolis
1159 1119 1350 1160 tradidit
1401 1119 1483 1160 sub
1527 1122 1760 1174 precepto,
1813 1121 1933 1175 quod
1967 1154 1974 1161 .
2013 1154 2020 1161 .
2057 1154 2065 1162 .

448 1188 608 1231 beatus
655 1189 922 1232 Franciscus
975 1189 1062 1232 sibi
1109 1203 1135 1231 a
1177 1187 1357 1231 Christo
1405 1189 1654 1245 inspiratus
1689 1191 1936 1246 assumpsit
1983 1192 2063 1234 sub

447 1262 567 1301 voto.
651 1261 724 1302 Ad
770 1260 895 1302 cuius
940 1260 1278 1303 observantiam
1319 1273 1401 1302 nos
1446 1259 1693 1302 deliberate
1736 1264 1779 1302 et
1822 1264 2068 1316 spontanee

449 1329 754 1373 intelleximus
789 1331 984 1386 obligari
1018 1365 1025 1372 .
1052 1365 1060 1372 .
1087 1365 1094 1372 .
1128 1331 1334 1374 Dicimus
1360 1331 1514 1386 igitur,
1550 1332 1669 1386 quod
1693 1365 1701 1372 .
1727 1365 1735 1372 .
1761 1366 1769 1372 .
1793 1331 2068 1386 perfectione

448 1402 578 1443 nobis
603 1402 822 1453 convenit,
847 1402 1055 1443 omnibus
1080 1415 1176 1444 esse
1204 1402 1430 1444 subiectos
1452 1401 1664 1457 precipue
1688 1403 1868 1444 domino
1892 1416 2067 1445 summo

447 1472 651 1528 pontifici
695 1476 927 1528 tamquam
976 1472 1115 1528 capiti
1155 1473 1302 1528 primo
1346 1477 1390 1515 et
1426 1486 1515 1515 uno
1548 1486 1757 1515 verorum
1791 1473 1992 1515 fidelium
2027 1477 2070 1515 et

449 1556 612 1598 sponse
657 1544 841 1587 ecclesie
882 1544 1042 1586 matris
1084 1548 1237 1586 nostre
1272 1578 1280 1585 .
1316 1578 1324 1585 .
1361 1577 1368 1584 .
1404 1544 1615 1596 Prelatis,
1663 1578 1670 1584 .
1706 1578 1714 1585 .
1751 1579 1780 1597 .,
1817 1544 1863 1585 in
1906 1544 2068 1600 quibus

450 1613 602 1655 divina
664 1614 880 1657 maiestas
942 1628 1032 1657 non
1086 1617 1203 1657 esset
1255 1614 1438 1667 offensa,
1494 1615 1683 1670 aliisque
1735 1615 2068 1670 temporalibus

450 1685 642 1728 dominis
684 1689 726 1727 et
758 1686 1010 1728 rectoribus
1045 1686 1339 1741 [c]unctisque
1371 1685 1624 1740 fidelibusa)
1660 1720 1667 1727 .
1695 1720 1702 1727 .
1730 1720 1738 1727 .
1771 1687 1930 1728 Deum.
1995 1685 2069 1728 Sic

447 1755 493 1797 in
536 1769 616 1799 suo
660 1759 931 1799 testamento
976 1756 1084 1798 dicit
1130 1757 1290 1799 beatus
1333 1760 1465 1812 pater
1504 1756 1771 1799 Franciscus
1805 1791 1812 1798 .
1843 1790 1886 1798 ..
1929 1756 2070 1812 igitur

449 1826 639 1869 subiecti
671 1828 893 1870 omnibus.
957 1826 1030 1869 Sic
1072 1827 1243 1869 indicat
1274 1841 1436 1869 nomen
1470 1827 1707 1869 ‘Minores‘
1741 1841 1896 1869 omnes
1929 1840 2068 1882 quan-

448 1898 657 1940 tumlibet
696 1899 911 1953 parvulos
956 1899 1192 1954 despectos
1232 1911 1502 1954 proponens.
1571 1899 1629 1940 Et
1669 1898 1734 1940 sic
1767 1912 1867 1940 cum
1901 1897 2069 1940 auxilio

450 1969 597 2010 divine
631 1969 776 2024 gratie
808 1969 875 2011 int
906 1969 1084 2012 ndimus
1118 1983 1199 2011 nos
1232 1970 1397 2011 habere
1431 1972 1474 2010 et
1507 1983 1560 2010 ex
1586 1970 1682 2021 hoc,
1716 1969 1755 2012 si
1788 1970 1843 2011 ab
1878 1968 2070 2011 ecclesia

449 2039 597 2081 ordini
635 2040 706 2081 vel
739 2039 958 2083 fratribus
1010 2043 1159 2082 essent
1199 2040 1354 2095 aliqua
1393 2039 1632 2095 privilegia
1669 2039 1852 2092 tradita,
1887 2053 1940 2081 ex
1973 2039 2069 2095 qui-

449 2110 533 2153 bus
560 2110 656 2152 loco
690 2111 960 2153 humilitatis
992 2114 1109 2154 esset
1138 2111 1351 2166 superbia
1378 2111 1649 2163 subintrata,
1688 2110 1856 2153 talibus
1886 2124 1975 2152 non
2003 2110 2069 2152 in-

449 2181 675 2223 tendimus
697 2182 777 2233 uti,
800 2184 987 2237 {mopter
1009 2183 1127 2237 quod
1150 2195 1381 2237 nunquam
1401 2181 1606 2224 volumus
1625 2181 1883 2236 sepulturas
1902 2181 2070 2223 habere

450 2265 530 2293 nec
541 2251 586 2293 in
601 2252 865 2307 episcopatu
878 2252 1068 2294 alicuius
1082 2252 1346 2308 episcopide
1363 2255 1509 2294 cetero
1524 2256 1681 2293 contra
1690 2265 1772 2294 sua
1784 2251 2070 2307 beneplacita

449 2322 723 2365 intendimus
758 2357 765 2365 .
802 2357 810 2364 .
840 2357 848 2364 .
873 2327 1251 2366 testamentorum
1275 2323 1558 2365 executiones
1585 2336 1833 2378 numquam
1855 2322 2068 2377 recipere,

451 2394 504 2435 de
537 2394 822 2436 restitutione
854 2408 1097 2437 usurarum
1129 2395 1200 2436 vel
1232 2394 1506 2449 [aliquorum
1529 2394 1663 2448 male]
1691 2393 1946 2435 ablatorum
1970 2393 2068 2434 nul-

450 2463 627 2506 latenus
648 2465 757 2519 [nos]
780 2465 1098 2518 intromittere,
1131 2465 1177 2507 in
1200 2465 1378 2507 iudiciis
1396 2478 1478 2520 pro
1502 2464 1744 2520 temporali
1766 2478 1814 2505 re
1841 2464 1907 2505 vel
1931 2477 2070 2505 causa

450 2535 673 2577 neminem
715 2536 964 2589 convenire,
1007 2537 1060 2578 de
1100 2539 1247 2578 cetero
1289 2549 1370 2591 pro
1403 2536 1572 2578 talibus
1610 2548 1699 2577 non
1730 2535 1927 2590 litigare,
1964 2534 2070 2589 quia

450 2605 653 2659 predicta
684 2606 832 2648 facere
864 2607 1018 2661 regule
1052 2610 1094 2648 et
1125 2606 1398 2662 professioni
1428 2609 1582 2649 nostre
1609 2608 1865 2661 repugnant
1892 2609 1936 2647 et
1965 2607 2070 2647 sunt

451 2676 581 2719 nobis
622 2677 801 2732 penitus
844 2677 997 2719 taliter
1028 2677 1294 2729 interdicta,
1340 2678 1460 2732 quod
1506 2677 1783 2719 contrarium
1821 2675 1969 2718 facere
2002 2678 2070 2718 est

450 2761 637 2803 peccare
674 2747 941 2790 mortaliter.
1008 2749 1200 2804 Insuper
1223 2749 1435 2790 debemus
1459 2748 1580 2790 omni
1602 2747 1882 2803 proprietate
1906 2746 2070 2788 nudari

451 2821 546 2860 tam
578 2818 624 2860 in
656 2819 842 2874 speciali
874 2832 1009 2874 quam
1043 2819 1179 2861 etiam
1211 2818 1257 2860 in
1291 2819 1482 2871 comuni,
1515 2819 1581 2860 ita
1607 2819 1727 2873 quod
1758 2831 1840 2872 pro
1874 2816 1999 2858 nulla
2020 2830 2068 2859 re

451 2889 706 2945 temporali,
740 2893 789 2930 ut
821 2889 1141 2945 supradicitur,
1181 2889 1316 2932 liceat
1345 2889 1539 2944 litigare.
1604 2888 1652 2931 si
1691 2892 1839 2930 autem
1878 2888 2068 2939 dicatur,

452 2961 573 3016 quod
606 2959 812 3002 dominus
857 2973 977 3015 papa
1009 2960 1096 3002 sibi
1129 2960 1386 3015 apropiavit
1419 2959 1665 3002 dominium
1688 2972 1840 3000 rerum
1871 2957 2068 3011 illarum,

453 3031 615 3087 quibus
653 3030 819 3073 fratres
863 3033 1052 3072 utuntur
1099 3034 1143 3072 et
1185 3045 1237 3072 ex
1270 3031 1354 3073 hoc
1394 3043 1641 3085 numquam
1682 3029 1950 3084 propiet-arii
1982 3029 2071 3071 dici
