2296 3512
932 274 1251 315 —593—

278 391 486 434 cellencie
517 394 654 450 regie,
688 396 870 439 didiscit
900 412 982 454 per
1015 401 1405 461 archiepiscopum
1438 410 1764 464 supradictum,
1788 426 1899 469 quo-

275 462 410 505 modo
433 464 744 508 Montanerius
767 466 1041 513 familiarius
1072 474 1115 513 et
1146 474 1337 519 nuncius
1372 477 1481 521 dicti
1512 480 1673 524 iudicis
1695 483 1898 526 Arboree

274 535 501 575 receserat
547 535 601 577 de
645 537 853 579 Marcilia
889 539 1014 582 XIII.
1061 542 1132 584 die
1177 544 1339 599 Madii,
1396 548 1463 590 ita
1507 552 1627 606 quod
1671 553 1896 608 credebat,

274 603 394 657 quod
425 603 517 646 iam
551 609 671 649 esset
703 620 803 649 cum
836 610 1041 664 predicto
1073 612 1221 656 iudice
1254 616 1435 660 domino
1468 632 1562 663 suo.

412 673 611 718 Tandem
672 677 788 720 sciat
849 680 1121 724 excellencia
1171 685 1320 740 regia,
1374 690 1493 743 quod
1544 705 1664 748 papa
1717 696 1761 737 et
1815 709 1895 738 rex

270 743 496 787 Robertus
543 750 648 801 post
693 753 932 805 perceptas
985 753 1215 808 predictas
1266 757 1535 803 rebelliones
1588 761 1795 807 Sardinie
1851 769 1895 809 et

270 817 459 870 propter
514 821 812 873 apparatum,
861 834 998 877 quam
1056 824 1212 867 vident
1259 826 1324 869 sic
1375 827 1568 873 feliciter
1617 837 1892 891 prosperari,
1943 839 1952 844 '

269 887 376 927 sunt
422 886 696 931 mirabiliter
743 893 1020 935 consternati
1067 894 1114 936 in
1161 896 1312 940 animo
1358 901 1401 940 et
1435 901 1566 956 quasi
1603 903 1658 945 de
1694 907 1892 951 remedio

267 956 509 1011 desperati,
549 958 760 1002 videntur
801 975 828 1003 a
858 963 1029 1017 multis,
1064 966 1229 1021 quibus
1262 969 1510 1013 utebantur
1540 974 1681 1028 prius,
1714 979 1890 1033 magnis

267 1026 695 1073 comminationibus
727 1031 921 1076 siluisse.

404 1099 598 1155 Insuper
635 1101 924 1156 gratisimum
957 1105 1074 1161 gesit
1107 1108 1280 1153 amicus
1313 1111 1367 1152 de
1399 1111 1580 1167 litteris,
1615 1128 1729 1170 quas
1763 1118 1890 1162 celsi-

263 1167 373 1209 tudo
419 1172 574 1212 vestra
620 1171 746 1215 misit
794 1174 950 1218 eidem.
1043 1177 1102 1220 Et
1160 1192 1260 1222 ecce
1312 1184 1603 1239 respondet5)
1658 1187 1715 1229 ad
1765 1187 1887 1241 iHas3

261 1236 435 1293 placuit
476 1243 627 1284 autem
660 1242 760 1297 sibi,
803 1247 924 1301 quod
958 1260 1039 1303 ego
1073 1249 1127 1291 de
1159 1252 1449 1306 presentibus
1482 1255 1688 1298 duxerim
1722 1260 1888 1302 sereni-

261 1310 403 1351 tatem
425 1311 600 1366 regiam
630 1313 980 1360 informandam.
1044 1320 1159 1363 Item
1193 1323 1421 1366 consuluit
1454 1326 1640 1380 amicus,
1669 1330 1791 1384 quod
1814 1343 1888 1372 ex-

260 1380 437 1435 pediret
458 1383 640 1426 omnino
664 1384 832 1429 habere
859 1388 972 1431 duos
1000 1403 1208 1435 cursores
1240 1392 1287 1435 in
1321 1395 1460 1449 curia,
1494 1397 1617 1441 viros
1651 1399 1885 1455 discretos,

257 1464 349 1493 non
388 1454 626 1507 portantes
668 1456 881 1511 bustiam,
925 1460 1003 1514 qui
1042 1462 1251 1505 continue
1285 1465 1491 1509 venirent
1523 1470 1566 1510 et
1597 1473 1887 1525 reportarent

258 1535 521 1578 responssa;
557 1528 601 1567 et
631 1540 721 1569 non
753 1528 872 1571 irent
905 1531 963 1573 ad
995 1532 1179 1576 domum
1213 1535 1347 1577 amici
1378 1539 1448 1579 set
1480 1538 1649 1582 directe
1679 1542 1885 1585 venirent

258 1593 317 1634 ad
356 1593 611 1650 hospicium
642 1611 806 1652 meum,
854 1601 985 1656 quasi
1015 1603 1145 1647 missi
1178 1605 1234 1647 ab
1269 1607 1427 1650 amicis
1461 1611 1505 1651 et
1538 1613 1884 1667 consanguineis

255 1663 383 1716 meis,
416 1679 506 1708 non
540 1680 566 1709 a
597 1671 750 1711 vestra
781 1671 909 1727 regia
940 1677 1207 1729 magestate.
1270 1677 1445 1734 Itaque,
1479 1680 1587 1723 dum
1618 1682 1700 1725 hec
1730 1683 1883 1727 littere

255 1734 592 1791 perficerentur,
644 1738 803 1783 festine
843 1741 950 1786 fecit
990 1758 1062 1787 me
1100 1747 1255 1789 vocari
1288 1749 1459 1793 amicus
1493 1751 1698 1809 dixitque
1730 1754 1880 1809 michi,

254 1806 376 1860 quod
414 1806 517 1863 ipsa
559 1810 715 1853 eadem
756 1812 869 1855 hora
911 1815 1096 1859 exibant
1135 1818 1192 1860 ab
1226 1831 1276 1861 eo
1311 1820 1651 1866 ambaxiatores
1685 1824 1880 1868 Gebelli-

253 1889 414 1920 norum
447 1878 502 1920 de
533 1879 697 1935 Janua,
746 1883 824 1938 qui
856 1884 1066 1929 dixerant
1098 1888 1199 1941 sibi,
1246 1891 1367 1945 quod
1412 1895 1542 1935 erant
1584 1894 1631 1936 in
1680 1898 1880 1940 tractatu

252 1947 423 2003 pacis0)
456 1961 557 1992 cum
589 1965 695 2008 rege
726 1954 926 1998 Roberto
960 1959 1004 1998 et
1036 1971 1137 2001 cum
1165 1959 1424 2005 intrinsecis
1457 1963 1656 2008 civitatis
1678 1968 1879 2021 predicte

251 2017 411 2060 Janue.
474 2021 798 2066 Verumtamen
838 2026 947 2082 quid
983 2028 1062 2071 fiet
1092 2029 1139 2072 in
1170 2034 1419 2086 posterum,
1464 2035 1738 2091 nesciebant,
1773 2039 1878 2094 quia

251 2087 484 2145 hucusque
521 2105 611 2134 non
652 2094 907 2139 habuerant
947 2098 1037 2141 nisi
1079 2101 1221 2144 verba
1262 2103 1318 2144 ab
1360 2103 1474 2159 ipso
1539 2103 1694 2150 Credit
1725 2110 1878 2153 tamen

253 2159 438 2213 amicus,
472 2164 592 2217 quod
623 2164 883 2210 huiusmodi
915 2171 1159 2213 concordia
1190 2185 1280 2215 non
1308 2175 1535 2218 sorciatur
1557 2176 1765 2222 effectum
1791 2194 1874 2236 pro

250 2242 316 2282 eo,
351 2233 472 2285 quod
504 2232 741 2289 Grimaldi,
776 2238 854 2293 qui
883 2242 990 2282 sunt
1021 2242 1074 2283 de
1106 2245 1370 2299 mayoribus
1402 2246 1697 2293 interioribus
1728 2251 1875 2295 Janue

248 2299 387 2343 talem
431 2305 717 2348 concordiam
758 2322 848 2350 non
888 2316 1158 2367 acceperant
1191 2318 1235 2357 et
1275 2315 1431 2358 dicunt
1464 2321 1634 2373 aperte,
1668 2322 1801 2376 quod,
1836 2322 1874 2365 si

250 2370 296 2413 id
327 2371 421 2424 fiat,
456 2374 675 2418 adherent
706 2377 796 2421 illis
831 2380 884 2421 de
906 2382 1053 2424 Auria
1082 2386 1126 2426 et
1147 2385 1307 2428 uniant
1329 2400 1376 2429 se
1399 2401 1501 2430 cum
1525 2389 1601 2432 eis.
1649 2390 1874 2436 Dixerunt

246 2440 433 2497 insuper
469 2445 806 2492 ambaxiatores
837 2451 1019 2506 prefati,
1060 2456 1181 2510 quod
1213 2470 1293 2498 rex
1324 2457 1550 2502 Robertus
1583 2460 1761 2504 dixerat
1793 2463 1870 2517 eis,

245 2515 472 2568 quomodo
513 2515 737 2560 habuerat
780 2523 927 2565 certos
971 2537 1192 2579 rumores,
1239 2529 1360 2583 quod
1404 2532 1497 2573 tres
1541 2544 1679 2575 naves
1721 2536 1871 2577 vestre

245 2583 530 2639 aplicuerant
550 2586 597 2629 in
620 2586 892 2645 Sardiniam,
927 2595 971 2635 et
993 2598 1237 2652 antequam
1270 2601 1426 2654 gentes
1459 2601 1781 2646 descenderent
1812 2606 1869 2647 ad

242 2656 428 2709 terram,
472 2657 738 2701 levaverunt
769 2660 926 2706 laudes
959 2668 1138 2710 vestras
1172 2671 1308 2724 atque
1342 2670 1573 2714 dixerunt:
1606 2674 1648 2716 A
1678 2674 1725 2716 la
1755 2676 1868 2718 roba

242 2724 339 2768 dels
366 2725 525 2769 Pisans
567 2730 611 2770 et
651 2729 746 2772 dels
780 2729 1038 2778 Genoueses
1082 2739 1125 2778 et
1163 2739 1235 2781 del
1268 2753 1347 2796 rey
1379 2741 1568 2785 Robert!
1632 2744 1725 2788 Vos
1758 2747 1865 2789 estis

243 2795 607 2851 sapientissimus
629 2799 887 2857 princepsd)
912 2806 955 2845 et
982 2809 1270 2864 cognoscitis,
1305 2811 1413 2866 quid
1444 2813 1681 2869 inportant
1712 2816 1864 2859 huius-

241 2867 365 2908 modi
396 2869 535 2910 verba
569 2903 577 2911 .
613 2903 622 2912 .
658 2904 666 2912 .
729 2871 833 2914 Dat.
866 2874 1092 2919 Auinione
1125 2879 1196 2921 die
1227 2882 1389 2925 martis
1411 2884 1579 2927 XXIII.
1609 2886 1762 2929 Madii.

381 2939 412 2981 c)
439 2939 551 2982 pascis
577 2939 634 2974 Or.
712 2941 744 2985 d)
769 2941 922 2987 princips
948 2943 1007 2981 Or.

381 3043 407 3085 ⁵)
434 3044 512 3087 Vgl.
540 3045 702 3089 folgende
728 3047 790 3082 Nr.

378 3124 512 3161 Finke,
534 3128 608 3154 Acta
628 3129 832 3162 Aragonensia.
1673 3131 1718 3165 38
