2296 3512
1075 269 1395 309 —594—

566 395 794 450 Placeatss)
827 395 1071 450 magestati
1103 398 1253 439 vestre
1283 397 1502 438 mandare
1536 396 1810 450 cursoribus,
1844 410 1956 453 quos
1990 397 2048 439 ad

427 467 599 509 curiam
626 466 927 519 destinabitis‚
961 467 1081 522 quod
1111 466 1284 509 nullam
1319 468 1374 510 ab
1409 466 1561 522 aliquo
1593 468 1816 523 recipiant
1847 468 2048 510 litteram

427 538 520 581 sive
546 536 764 579 veniendo
788 537 846 578 ad
868 536 1041 578 curiam
1063 537 1158 580 sive
1179 538 1408 580 redeundo
1433 538 1490 579 ad
1513 538 1803 580 serenitatem
1825 541 2047 590 vestram3

426 621 508 650 nec
546 607 620 649 hic
659 607 706 648 in
747 607 873 649 curia
916 608 1159 650 ostendant
1202 620 1250 650 se
1281 610 1518 664 tamquam
1549 621 1632 664 per
1662 622 1743 652 vos
1775 608 1938 662 misos,
1980 611 2050 652 set

425 680 551 720 recta
593 677 669 719 via
711 678 905 720 debeant
949 678 1006 720 ad
1049 692 1120 721 me
1153 678 1305 721 venire
1337 678 1466 721 iuxta
1496 679 1750 734 hospicium
1783 679 1931 732 amici,
1971 679 2051 721 ubi

427 762 526 791 sum
558 748 828 804 hospitatus.

568 817 658 853 CRD
684 817 789 852 4234.
834 818 893 854 Or.
920 818 1003 863 Pap.
1030 819 1105 864 Ssp.
1148 819 1220 853 Aut
1245 819 1307 852 der
1325 818 1511 852 Ruckseite
1537 818 1633 853 hatte
1650 818 1835 854 Schreiber
1860 820 1928 854 den
1952 819 2052 854 Brief

425 877 609 922 begonnen
634 877 724 911 mit.
745 904 752 911 .
774 904 780 911 .
808 877 1023 912 benefactori
1050 889 1111 912 suo
1137 878 1247 911 frater
1263 877 1340 911 Fer.
1367 878 1421 918 de,
1448 878 1521 912 dies
1547 878 1630 912 aber
1655 878 1747 912 dann
1772 878 2050 913 durchstrichen.

424 936 474 970 Er
498 935 642 980 beginnt
666 936 787 969 seinen
811 936 911 970 Briet
934 936 999 970 mit
1024 936 1064 973 R.
1114 936 1257 970 Amicus
1282 936 1328 970 ist
1352 935 1527 970 natiirlich
1552 936 1733 981 Napoleon
1760 937 1885 972 Orsini.

428 1055 524 1096 380.
558 1055 792 1109 Napoleon
825 1054 982 1098 Orsini
1020 1068 1078 1097 an
1108 1056 1270 1111 Jayme
1301 1056 1391 1097 II.:
1425 1053 1726 1098 Sardinische
1762 1056 2050 1110 Angelegen-

425 1126 601 1168 heiten.
665 1124 801 1169 Seine
831 1125 1233 1179 Anhanglichkeit
1270 1139 1327 1168 an
1360 1126 1448 1168 den
1479 1125 1651 1180 Konig.
1713 1126 2052 1180 Bemi'ihungen

710 1196 796 1238 fur
826 1197 1088 1239 Ferrarius,
1150 1198 1365 1250 Avignon
1396 1196 1552 1251 (1323)
1584 1198 1675 1239 Mai
1707 1197 1779 1239 23.

568 1277 667 1312 Brief
697 1278 758 1312 des
789 1278 920 1323 Konigs
952 1278 1120 1314 erhalten.
1177 1278 1399 1313 Gaudeamus
1434 1306 1440 1312 .
1467 1307 1475 1315 .
1505 1306 1511 1312 .
1543 1280 1614 1312 tam
1646 1279 1688 1312 de
1726 1278 1830 1312 celen‘
1862 1288 2052 1312 succurssu

426 1336 628 1371 transmisso
655 1347 718 1380 per
734 1337 1037 1381 magnificenciam
1062 1337 1193 1381 regiam
1219 1337 1264 1371 ad
1279 1337 1490 1381 peticionem
1514 1336 1638 1371 nobilis
1654 1337 1719 1370 viri
1747 1336 1877 1370 domini
1895 1336 2054 1381 Hugonis

427 1395 643 1430 vicecomitis
661 1396 703 1430 de
720 1395 827 1430 Basso
842 1396 966 1430 iudicis
983 1395 1149 1440 Arboree,
1176 1406 1279 1440 quam
1297 1396 1407 1430 eciam
1431 1396 1474 1430 de
1499 1397 1684 1439 properata
1701 1396 1924 1439 expedicione
1941 1394 2054 1429 felicis

428 1453 517 1488 stolii
550 1454 668 1490 vestri.
719 1454 768 1489 Er
792 1454 921 1499 glaubt‚
947 1455 1025 1489 dass
1050 1454 1123 1489 ihm
1149 1455 1223 1489 sein
1247 1455 1314 1489 Rat
1332 1454 1537 1489 Guillelmus
1555 1454 1744 1489 Oulomarii
1769 1454 1944 1488 wahrhatt
1967 1453 2055 1488 iiber

427 1513 522 1547 seine
540 1514 742 1557 Zuneigung
758 1524 837 1547 zum
855 1513 988 1558 Konige
1014 1513 1188 1548 berichte:
1222 1514 1281 1548 Set
1306 1514 1341 1547 in
1359 1514 1504 1548 veritate
1532 1514 1656 1548 caritas
1688 1516 1723 1547 et
1747 1514 1883 1548 sincera
1908 1513 2053 1547 affectio

428 1572 542 1606 cordis
567 1572 677 1606 nostri
702 1572 745 1606 ad
770 1583 897 1606 omnen
922 1573 1089 1606 honorem
1116 1575 1150 1606 et
1175 1572 1427 1607 exaltacionem
1458 1573 1552 1617 regie
1585 1583 1710 1607 corone
1736 1576 1851 1606 vestre
1884 1574 1919 1605 et
1943 1571 2053 1605 domi-

428 1641 513 1665 num
544 1631 714 1664 infantem
746 1630 822 1675 plus
854 1631 1006 1675 flagrant
1030 1632 1066 1665 in
1084 1632 1186 1665 corde
1213 1634 1329 1666 nostro
1356 1642 1461 1676 quam
1486 1632 1658 1675 possimus
1684 1631 1837 1665 exterius
1863 1641 1966 1675 opere
1992 1630 2052 1663 de-

428 1692 631 1724 monstrare.
681 1690 729 1723 Er
753 1690 907 1724 schreibt
938 1691 1018 1725 dem
1043 1691 1148 1724 iudex
1173 1691 1405 1734 Arboriensis,
1439 1691 1517 1725 dass
1543 1701 1581 1724 er
1606 1692 1666 1725 das
1697 1690 1733 1724 in
1759 1690 1966 1735 Gegenwart
1993 1689 2053 1723 des

428 1749 655 1783 Erzbischofs
680 1759 749 1783 von
774 1749 940 1792 Arborea,
969 1749 1086 1784 Vidals
1111 1760 1179 1783 von
1205 1749 1397 1791 Villanova7
1423 1749 1612 1784 Wilhelms
1636 1748 1825 1784 Oulomarii
1856 1749 1927 1782 und
1949 1747 2053 1782 Mun-

428 1808 552 1842 tanarii
576 1807 827 1842 Beschlossene
858 1802 1096 1842 auszufiihren
1121 1809 1255 1843 trachte
1281 1809 1352 1842 und
1377 1808 1479 1843 bittet
1504 1809 1570 1842 den
1595 1809 1708 1852 K'om'g
1732 1808 1805 1842 ihm
1831 1807 1914 1842 alles
1942 1807 2053 1850 Zuge-

429 1872 524 1913 sagte
556 1879 599 1901 zu
629 1866 759 1901 halten.
808 1867 900 1902 Nam
937 1868 1076 1912 primite
1113 1868 1318 1902 adhesiones
1350 1878 1476 1902 corone
1509 1867 1601 1912 regie
1633 1869 1668 1901 et
1699 1866 1912 1909 resistenffla,
1951 1876 2054 1910 quam

430 1927 540 1971 primo
566 1927 653 1961 fecit
678 1928 798 1960 contra
816 1926 970 1969 Pisanos,
996 1937 1160 1971 magnum
1187 1926 1303 1961 locum
1329 1927 1462 1961 obtinet
1485 1927 1700 1960 meritorum.
1743 1926 1791 1960 Er
1815 1925 1969 1960 schreibt
1994 1925 2055 1959 das

429 1986 526 2019 nicht
550 1986 610 2019 fiir
635 1986 702 2019 den
727 1986 850 2030 K6nig,
877 1986 1029 2020 sondern
1055 1997 1117 2019 ziu·
1141 1985 1373 2020 Information
1398 1986 1459 2019 fiir
1484 1986 1551 2019 den
1576 1986 1741 2020 Infanten
1768 1985 1924 2020 Altonso.

572 2045 670 2080 Circa
706 2045 889 2089 negocium
926 2044 1075 2089 religiosi
1104 2045 1169 2078 viri
1206 2045 1325 2079 fratris
1357 2045 1507 2079 Ferrarii
1546 2045 1588 2078 de
1613 2044 1728 2088 Apilia
1765 2045 1924 2084 fecimus,
1964 2044 2055 2087 quod

429 2103 616 2148 potuimus,
656 2106 690 2137 et
721 2104 756 2137 in
787 2104 948 2137 futurum
986 2105 1060 2138 sine
1092 2104 1303 2149 negligentia.
1338 2104 1522 2147 faciemus,
1561 2104 1650 2148 quia,
1689 2104 1852 2148 quicquid
1886 2103 2054 2138 serenitas

429 2162 524 2206 regia
554 2162 651 2196 nobis
689 2173 769 2196 cum
799 2165 895 2196 tanto
933 2163 1157 2196 rec-emendat
1188 2163 1332 2206 affectu,
1370 2174 1441 2196 non
1471 2174 1652 2206 possemus
1689 2162 1874 2207 negligere.
1925 2163 2054 2196 Tamen

431 2221 545 2255 sciunt
570 2221 682 2254 nuntii
706 2221 824 2264 vestri,
863 2222 954 2266 quod
985 2222 1226 2256 sanctissimus
1263 2225 1362 2265 pater
1393 2222 1552 2256 dominus
1584 2226 1702 2255 noster
1739 2224 1793 2255 est
1822 2221 1859 2255 in
1884 2220 2054 2265 aliquibus

431 2280 542 2313 stricti
567 2280 659 2313 iuris.
710 2280 896 2323 Speramus
921 2286 1039 2314 tamen
1065 2280 1189 2315 cotidie
1214 2280 1369 2323 meliora7
1395 2282 1547 2314 maxime
1573 2281 1601 2315 si
1627 2281 1807 2315 arriserint
1828 2291 1995 2324 prospera
2018 2280 2054 2313 in

432 2338 668 2381 assumptione
695 2339 860 2382 predicta.
886 2344 925 2372 ut
948 2339 1017 2372 iam
1042 2342 1140 2383 grata
1165 2339 1261 2373 initia
1285 2339 1511 2372 manifestant
1538 2371 1546 2378 ,
1574 2366 1580 2372 .
1609 2367 1617 2374 .

574 2408 662 2443 CRD
695 2408 797 2443 4223.
849 2409 905 2443 Or.
938 2410 1021 2453 Pap.
1054 2409 1130 2454 Ssp.
1182 2409 1359 2443 Gedruckt
1389 2420 1450 2443 aus
1483 2419 1630 2443 unserer
1662 2408 1783 2451 Quelle
1804 2409 1837 2442 in
1853 2408 1946 2442 Mon.
1972 2407 2052 2442 hist.

433 2468 545 2511 patrie
572 2467 618 2511 X,
652 2467 730 2501 662.
780 2467 905 2502 Dieser
935 2469 1035 2503 Brief
1067 2469 1112 2503 ist
1140 2471 1295 2503 Antwort
1328 2469 1389 2502 auf
1415 2468 1606 2502 Schreiben
1630 2469 1773 2512 Jassmes
1804 2478 1885 2501 vom
1915 2467 1947 2501 8.
1973 2467 2052 2503 Mai.

432 2526 515 2570 Reg.
543 2527 608 2561 341
636 2526 661 2560 f.
691 2526 767 2565 132,

434 2645 532 2687 381.
564 2645 619 2686 R.
658 2657 716 2686 an
746 2645 907 2699 Jayme
938 2646 1026 2687 IL:
1068 2646 1317 2688 Eintreten
1348 2646 1583 2700 Napoleon
1615 2646 1796 2688 Orsim‘s
1841 2644 1927 2687 fiir
1969 2645 2053 2685 ihu

431 2717 498 2757 im
530 2716 895 2758 Konsistorium.
957 2716 1089 2758 Bitte
1120 2729 1196 2758 um
1230 2718 1417 2759 bessere
1442 2716 1763 2759 Information
1795 2715 2051 2757 desselben.

432 2786 600 2829 Warnt
643 2785 873 2838 dringeud
916 2799 998 2827 zur
1029 2788 1264 2830 Vol-sicht.
1326 2788 1490 2830 Infant
1520 2787 1687 2830 Alfons
1730 2787 1821 2829 soll
1851 2786 2053 2839 Iglesias

726 2856 889 2898 haben.
951 2856 1164 2910 Avignou
1197 2858 1350 2913 (1323)
1385 2858 1656 2912 September
1690 2857 1761 2899 10.

575 2937 677 2971 Sacre
704 2938 798 2982 regie
822 2938 1003 2982 magestati
1027 2938 1068 2973 R.
1094 2938 1235 2973 humilis
1261 2940 1399 2974 factura
1424 2942 1551 2974 vestra.

504 3043 557 3070 379
576 3042 603 3088 5)
629 3044 700 3077 Auf
727 3043 953 3088 angefiigtem
977 3043 1099 3080 Zettel.
