2296 3512
423 492 674 579 XVI.
716 492 1129 578 Berichte
1171 520 1340 580 von
1384 495 1540 578 der
1571 493 1852 579 Kurie
1895 521 2054 579 zur

495 634 1226 742 aragonesischen
1270 633 1787 722 Geschichte
1833 662 1989 720 aus

648 776 804 860 der
850 774 1045 861 Zeit
1091 776 1149 863 J
1153 777 1489 862 ohanns
1520 775 1839 861 XXII.

424 1059 532 1099 490.
567 1058 595 1101 J
599 1057 801 1099 ohannes
823 1057 983 1099 XXII.
1011 1070 1068 1099 an
1090 1058 1119 1101 J
1122 1068 1250 1113 ayne
1271 1058 1358 1099 II.:
1394 1057 1582 1110 Angabe
1605 1057 1688 1099 der
1710 1056 1913 1110 Griinde,
1946 1068 2053 1099 wes-

434 1128 544 1169 halb
589 1140 641 1170 er
685 1128 760 1170 die
804 1128 1102 1170 Postulation
1146 1128 1225 1169 des
1269 1127 1491 1169 Infanten
1523 1128 1758 1171 Johannes
1803 1140 1903 1169 zum
1948 1128 2053 1169 ΕΓΖ-

434 1198 624 1241 bischof
656 1211 744 1241 von
775 1198 1045 1251 Tarragona
1082 1199 1214 1240 nicht
1253 1198 1464 1240 zulassen
1496 1198 1633 1239 kann.
1695 1198 1909 1251 Avignon
1942 1197 2055 1239 1:316

1070 1269 1326 1311 December
1359 1268 1427 1310 15.

575 1363 806 1404 Johannes
849 1362 1086 1417 episcopus
1133 1375 1289 1405 servus
1331 1375 1564 1404 servorum
1607 1362 1690 1404 Dei
1731 1362 1964 1405 carissimo
2009 1362 2055 1404 in

436 1432 616 1475 Christo
655 1433 748 1475 filio
787 1434 957 1475 ι1300110
998 1433 1094 1488 regi
1133 1434 1397 1488 Aragonum
1440 1432 1608 1475 illustri
1645 1434 1837 1475 salutem
1871 1437 1914 1475 et
1948 1447 2054 1490 apo-

436 1504 643 1547 stolicam
687 1503 1054 1546 benedictionem.
1119 1504 1251 1556 Tuas,
1292 1503 1370 1555 fili,
1414 1504 1467 1545 de
1510 1504 1742 1546 credencia
1783 1504 1960 1547 litteras
2004 1517 2055 1545 ac

434 1574 737 1617 venerabilem
785 1574 974 1616 fratrem
1020 1577 1225 1617 nostrum
1260 1575 1672 1618 Barchinonensem
1707 1575 1967 1630 episcopum
2002 1588 2053 1616 ac

436 1645 646 1688 dilectum
679 1645 821 1687 filium
856 1645 1049 1687 nobilem
1084 1645 1230 1687 virum
1262 1645 1459 1687 Vitalem
1492 1647 1545 1687 de
1577 1646 1819 1688 Villanoua
1851 1646 2053 1698 militem,

437 1716 712 1759 exhibitores
746 1730 915 1768 earum,
949 1719 1023 1758 tue
1048 1716 1326 1759 celsitudinis
1349 1717 1542 1765 nuntios,
1575 1716 1655 1758 leti
1677 1716 1969 1772 suscepimus,
2004 1730 2054 1759 eo

434 1787 591 1842 procul
624 1787 759 1829 dubio
799 1787 983 1829 letiores
1023 1787 1181 1839 effecti,
1223 1801 1310 1842 quo
1344 1788 1396 1829 de
1435 1792 1512 1829 tuo
1545 1790 1709 1843 tueque
1743 1788 1900 1830 domus
1933 1787 2055 1842 regie

436 1861 558 1900 statu
598 1871 817 1913 prospera
854 1859 1114 1901 nuntiantes
1155 1859 1207 1900 de
1239 1861 1333 1900 tam
1372 1858 1475 1901 letis
1514 1859 1772 1900 rumoribus
1812 1861 2055 1912 potuerunt

435 1942 517 1971 nos
550 1929 738 1970 reddere
778 1929 1011 1971 cerciores.
1075 1930 1164 1971 Eos
1200 1932 1349 1971 autem
1383 1930 1427 1970 in
1469 1929 1747 1983 expositione
1780 1942 1861 1983 per
1892 1932 1935 1971 te
1968 1929 2055 1971 sibi

437 1999 674 2042 commisse
708 2000 932 2042 credentie
972 2000 1211 2055 diligenter
1244 2000 1499 2042 audivimus
1540 2013 1783 2055 eorumque
1818 2000 2053 2053 petitiones

435 2073 512 2112 tuo
552 2070 682 2113 nobis
724 2071 902 2113 oblatas
943 2071 1136 2121 nomine,
1179 2084 1292 2126 quas
1334 2074 1377 2112 te
1418 2074 1569 2124 petere
1612 2076 1655 2112 et
1687 2084 1768 2113 nos
1803 2071 1951 2112 decuit
1987 2072 2054 2113 in-

437 2142 634 2196 dulgere,
654 2141 904 2183 liberaliter
927 2142 1230 2184 concessimus
1250 2146 1292 2183 et
1315 2142 1519 2196 benigne.
1565 2141 1696 2192 Sane,
1719 2141 1785 2183 fili
1808 2142 2054 2193 carissime,

437 2211 475 2254 si
505 2212 856 2266 postulationem
901 2213 953 2254 de
992 2212 1154 2254 dilecto
1187 2212 1280 2254 filio
1312 2212 1518 2253 ι1011311110
1555 2216 1662 2254 11310
1696 2215 1786 2264 1110,
1822 2212 2053 2267 capellano

436 2286 606 2335 nostro,
646 2282 815 2325 factam
854 2282 900 2324 in
940 2283 1127 2325 ecclesia
1166 2283 1490 2326 Terraconensi
1528 2297 1615 2325 non
1649 2283 1859 2325 duximus
1893 2283 2054 2326 admit-

437 2354 631 2405 tendam,
675 2356 763 2401 tue,
811 2367 1068 2409 quesumus,
1103 2354 1339 2408 prudentie
1384 2355 1681 2396 mansuetudo
1730 2353 1918 2396 moleste
1965 2367 2054 2396 non

438 2423 566 2475 ferat,
601 2438 700 2465 cum
735 2438 832 2466 eam
855 2425 978 2466 velut
1007 2438 1103 2465 rem
1126 2424 1248 2466 omni
1269 2424 1357 2466 iuri
1381 2425 1657 2467 contrariam
1682 2429 1725 2466 et
1748 2424 1898 2466 divino
1923 2425 2053 2466 bene-

436 2494 603 2548 placito
636 2508 723 2536 non
758 2500 989 2549 acceptam
1023 2498 1065 2536 et
1097 2496 1261 2537 nedum
1284 2508 1471 2550 prorsus
1493 2495 1738 2546 insolitam,
1773 2496 1879 2550 quin
1902 2495 2053 2549 potius

435 2565 482 2606 in
508 2565 709 2607 Romana
745 2565 868 2607 curia
899 2566 1128 2619 preteritis
1160 2566 1439 2620 temporibus
1471 2566 1736 2617 inauditam,
1769 2566 1865 2608 sine
1886 2565 2053 2608 lesione

437 2636 706 2677 conscientie
745 2639 787 2678 et
823 2636 1073 2678 indecentie
1119 2650 1281 2692 magne
1332 2640 1462 2688 nota,
1513 2637 1726 2679 scandalo
1767 2639 1810 2678 et
1841 2636 2053 2692 obloquio

437 2706 631 2759 plurium
671 2706 1005 2761 nequiverimus
1045 2707 1295 2749 admisisse.
1365 2705 1462 2759 Que
1501 2708 1649 2749 onmia
1691 2707 1729 2749 si
1767 2710 1841 2748 tue
1880 2707 2052 2761 magni-

437 2776 606 2818 tudinis
646 2776 1003 2831 circumspectio,
1046 2777 1211 2819 reiecto
1255 2777 1538 2820 carnalitatis
1581 2776 1763 2830 31100111,
1806 2777 2052 2819 consultius

437 2846 718 2895 attendisset,
738 2848 777 2889 si
793 2847 913 2890 iusto
930 2848 1144 2890 librasset
1163 2848 1381 2900 examine,
1401 2852 1572 2903 quanta
1587 2848 1676 2890 sint
1694 2847 1921 2901 prelature
1936 2847 2052 2901 peri-

439 2917 552 2969 cula,
576 2930 878 2972 nequaquam,
902 2921 952 2959 ut
977 2919 1212 2970 credimus,
1237 2919 1384 2972 ipsum
1409 2922 1566 2960 natum
1587 2921 1713 2960 tuum
1738 2918 1943 2959 iuvenem
1969 2918 2052 2959 uti-

439 3001 524 3043 que
542 2992 745 3029 tenerum
762 2989 816 3029 ad
833 3001 945 3030 onus
962 2988 1225 3042 prelationis
1246 2989 1415 3031 assumi
1432 2989 1478 3030 in
1493 2989 1694 3042 corporis
1711 2988 1945 3043 animeque
1962 2988 2052 3030 dis-
