2296 3512
1089 320 1407 361 —904—

440 449 524 494 Reg.
552 450 618 483 113
654 449 679 485 f.
708 448 790 483 178:
828 448 1007 482 Bernardo
1045 448 1087 481 de
1109 447 1280 482 Sorriano.
1331 446 1419 482 Cum
1448 456 1511 480 nos
1536 447 1607 480 tam
1632 456 1694 489 pro
1720 445 1981 480 construccionc
2019 446 2056 479 ct

440 506 692 541 hedificacione
709 505 872 550 cappelle‚
899 516 965 550 que
983 506 1025 540 de
1042 516 1131 540 novo
1151 505 1365 540 construitur
1388 505 1425 539 in
1450 504 1596 539 ecclesia
1620 505 1770 539 fratrum
1794 504 2055 538 Predicatorum

441 566 588 600 civitatis
612 565 830 600 Barchjnone
861 575 921 609 pro
947 564 1125 608 sepultura
1149 564 1268 598 fratris
1293 564 1334 598 R.
1355 564 1398 598 de
1423 563 1628 598 Pennaforti
1653 564 1838 608 quondam,
1864 573 1968 606 quam
1993 572 2054 606 pro

441 624 619 668 expenssis
644 624 813 659 faciendis
838 634 900 668 per
925 628 1137 658 conventum
1162 623 1332 657 dictorum
1357 624 1507 657 fratrum
1532 624 1567 656 in
1592 622 1742 666 capitulo
1767 621 1931 667 generali,
1963 621 2054 665 quod

441 683 608 717 celebrari
624 683 728 718 debet
751 683 787 717 in
812 683 950 717 civitate
974 682 1139 726 prefficta,
1163 683 1230 716 duo
1256 681 1363 716 millia
1386 681 1447 716 sol.
1466 682 1592 717 Barch.
1611 682 1725 715 cidem
1749 681 1935 716 conventui
1951 690 2056 724 gene-

441 753 517 776 rose
534 742 736 777 duxerimus
761 742 996 778 concedenda:
1023 741 1168 776 dicimus
1195 743 1230 775 et
1252 741 1457 776 mandamus
1482 740 1590 783 vobis,
1623 742 1792 784 quatenus
1824 740 1866 773 dc
1891 738 2059 783 peccunia

442 801 536 835 curie
561 802 689 841 nostre,
721 812 788 845 quc
820 803 872 835 cst
902 800 958 834 vel
983 800 1049 834 erit
1078 810 1186 844 penes
1210 810 1282 842 vos,
1309 799 1399 834 dicto
1425 799 1611 834 conventui
1638 799 1693 833 vel
1719 799 1774 833 cui
1798 799 1861 842 ipsi
1885 798 2059 832 voluerint

440 860 580 894 nomine
605 861 639 894 et
664 870 725 904 pro
751 861 848 903 parte
874 870 1005 902 eorum,
1031 859 1186 902 predicta
1202 859 1268 892 duo
1293 857 1377 893 mill.
1405 857 1464 892 sol.
1491 857 1650 892 tribuatis
1668 860 1703 892 et
1726 857 1922 894 exsolvatis,
1976 857 2054 891 Dat.

441 919 532 963 apud
563 917 751 953 Amalfiam
781 918 824 953 V.
856 918 1019 952 kalendas
1049 917 1133 952 Jujii
1165 928 1254 951 anno
1290 917 1445 961 predicto
1484 916 1614 961 (1299).
1676 917 1746 951 Das
1785 914 2059 960 Generalkapitel

442 978 525 1011 fand
550 977 632 1011 aber
668 977 766 1012 nicht
796 977 832 1011 in
858 976 1050 1011 Barcelona
1073 979 1166 1011 statt.
