2296 3512
894 228 1210 267 —575—

245 355 329 398 bus
362 356 602 396 enarratur
625 353 809 405 diutius,
844 354 965 408 quod
988 353 1196 396 dominus
1228 368 1308 395 rex
1330 355 1556 397 Robertus
1587 354 1782 397 intendit
1813 356 1868 398 de

244 423 528 467 Tbeotonicis
561 437 608 466 se
639 423 816 464 munire
857 426 900 464 et
940 423 1061 478 quod
1098 423 1276 465 miserit
1310 426 1365 466 ad
1405 426 1563 467 ducem
1598 426 1867 468 Austeriche

243 508 326 551 pro
368 493 492 536 mille
536 493 822 536 Theotonicis
863 493 1096 536 habendis.
1167 494 1323 549 Nuper
1365 495 1482 537 enim
1525 495 1703 548 dicitur,
1748 497 1868 551 quod

242 565 334 607 iam
366 564 602 620 quingenti
633 563 915 606 transierunt
957 563 1072 605 citra
1109 567 1287 606 montes
1321 564 1367 606 in
1400 568 1554 620 partes
1595 566 1867 609 Lombardie

244 638 288 678 et
326 637 431 692 post
473 634 598 690 ipsos
641 634 718 676 alii
762 636 868 677 sunt
898 634 1079 676 venturi
1113 668 1120 675 .
1156 668 1164 676 .
1202 668 1210 675 .
1244 635 1348 676 Dat.
1394 635 1546 677 Finari
1589 637 1660 679 die
1700 637 1865 680 XXVI.

243 705 415 748 Marcii.

382 775 472 810 CRD
499 786 542 808 zu
568 775 671 809 5614.
722 774 780 809 Or.
806 775 889 818 Pap.
920 774 995 818 Ssp.

242 908 339 948 375.
359 904 626 959 Stimmung
642 905 721 948 des
731 905 927 959 Papstes
944 906 974 949 J
976 906 1180 948 ohannes
1192 905 1353 948 XXII.
1375 905 1470 947 und
1492 904 1649 960 Konig
1665 907 1866 950 Roberts

343 978 611 1031 gegeni'iber
643 977 747 1019 dem
780 977 1104 1019 sardinischen
1135 976 1349 1030 Projekt.
1411 976 1758 1031 (1320—1322.)

385 1063 420 1101 1.
470 1093 517 1100 ..
551 1093 558 1100 .
595 1058 768 1102 Simoni
821 1060 873 1101 de
927 1058 1140 1101 Beloloco
1188 1093 1195 1100 .
1232 1092 1240 1100 .
1274 1093 1281 1100 .
1324 1057 1632 1112 Contineturl)
1684 1059 1866 1113 ibidem,

242 1131 362 1186 quod
401 1130 547 1173 dictus
586 1143 788 1173 summus
826 1130 1032 1186 pontifex
1071 1129 1185 1172 dixit
1225 1129 1344 1172 dicto
1383 1129 1537 1181 nobili,
1579 1131 1699 1185 quod
1730 1130 1866 1172 mira-

239 1203 388 1254 batur,
436 1214 579 1255 quare
626 1214 709 1243 nos
756 1201 821 1244 sic
867 1214 1236 1256 processeramus
1281 1201 1338 1242 ad
1379 1200 1635 1242 faciendum
1666 1200 1866 1256 viagium

241 1270 447 1314 Sardinie
495 1275 538 1314 et
583 1273 706 1327 quod
752 1272 899 1327 primo
947 1271 1259 1314 debuissemus
1291 1271 1338 1313 id
1371 1271 1459 1314 sibi
1489 1271 1769 1324 notificasse,
1816 1274 1867 1313 ut

238 1342 337 1399 ipse
374 1342 577 1385 mitteret
616 1356 724 1385 suos
762 1342 950 1385 nuncios
991 1346 1034 1384 et
1072 1342 1250 1385 litteras
1285 1343 1341 1385 ad
1373 1345 1529 1398 partes
1564 1341 1783 1395 Sardinie,
1817 1345 1867 1384 ut

240 1414 370 1456 nobis
419 1413 664 1456 obedirent.
729 1414 795 1456 De
842 1414 1008 1468 quibus
1041 1413 1223 1468 quidem
1257 1413 1423 1455 summi
1454 1413 1682 1469 pontificis
1715 1414 1866 1456 verbis

238 1485 526 1527 vehementer
557 1484 791 1537 miramur,
827 1484 933 1540 quia
968 1484 1077 1526 bene
1109 1484 1250 1537 scitis,
1282 1484 1482 1540 qualiter
1513 1497 1595 1527 Vos
1626 1497 1712 1540 pro
1734 1487 1866 1540 parte

239 1558 399 1598 nostra
429 1555 475 1597 in
509 1555 599 1597 3113
630 1555 904 1611 legacione2)
936 1555 1208 1598 notificastis
1243 1555 1282 1597 ei
1313 1555 1597 1598 voluntatem
1630 1558 1673 1597 et
1698 1568 1867 1611 propo-

241 1626 377 1669 situm
424 1628 631 1669 nostrum
679 1640 816 1682 super
863 1626 982 1668 dicto
1034 1626 1181 1682 viagio
1231 1629 1275 1668 et
1307 1626 1601 1682 supplicastis
1635 1626 1779 1669 eidem
1812 1627 1867 1669 de

241 1697 534 1740 concedendis
588 1697 721 1741 dictis
772 1697 939 1739 litteris
993 1700 1037 1739 et
1090 1697 1190 1740 aliis
1247 1697 1461 1740 subsidiis
1516 1731 1524 1739 .
1562 1731 1570 1739 .
1611 1698 1667 1751 .3)
1759 1697 1863 1739 Dat.

238 1768 520 1810 Barchinone
557 1770 667 1811 1322
700 1768 847 1824 pridie
878 1781 1022 1810 1101135
1053 1768 1226 1823 (1111114)

381 1841 418 1881 2.
462 1840 525 1881 Lo
559 1852 722 1895 senyor
753 1852 886 1894 papa,
920 1839 1000 1894 qui
1022 1854 1111 1894 vuy
1144 1852 1205 1892 es,
1238 1839 1293 1881 be
1321 1839 1381 1881 ha
1402 1852 1509 1895 pree
1532 1852 1643 1894 anys
1666 1842 1864 1895 passats,

240 1922 340 1952 com
388 1909 445 1952 ell
490 1910 523 1952 li
569 1910 725 1966 parlas
774 1911 827 1952 de
875 1910 921 1952 la
953 1913 1201 1966 conquesta
1233 1910 1304 1952 del
1337 1910 1402 1952 dit
1435 1923 1585 1966 regne.
1648 1910 1712 1952 Lo
1743 1922 1865 1965 papa

238 1979 272 2021 li
295 1979 385 2032 dix,
420 1981 522 2036 quel
544 1994 746 2037 pregava
770 1981 810 2023 el
831 1981 1056 2036 requeria,
1081 1994 1167 2037 que
1195 1981 1402 2036 allongas
1424 1981 1471 2022 13
1498 1981 1592 2023 (1113
1615 1983 1866 2036 conquesta

240 2051 293 2092 de
324 2050 405 2103 fer,
443 2053 515 2094 tro
550 2051 607 2093 ell
638 2051 671 2093 li
702 2053 760 2094 ho
792 2051 884 2095 sees
919 2053 1065 2105 saber,
1105 2065 1186 2107 per
1220 2066 1270 2106 co
1304 2065 1382 2093 car
1414 2051 1593 2094 entenia
1618 2052 1759 2094 haver
1782 2052 1863 2094 obs

238 2122 283 2164 lo
325 2121 391 2163 dit
433 2135 511 2177 rey
557 2123 742 2178 Darago
790 2137 843 2165 en
883 2122 1022 2165 altres
1054 2136 1193 2179 grans
1227 2123 1375 2175 affers,
1421 2123 1501 2178 qui
1531 2126 1722 2166 tocaven
1766 2124 1864 2164 tota

238 2192 284 2234 13
317 2191 628 2234 christiandat.

381 2265 419 2305 3.
459 2264 509 2304 B.
550 2264 602 2305 de
641 2262 824 2306 Sorria:
873 2265 1126 2307 Divendres
1158 2265 1256 2307 VH.
1291 2265 1385 2308 dies
1419 2265 1490 2307 del
1522 2278 1617 2307 mes
1651 2265 1704 2306 de
1736 2265 1864 2318 Marc

238 2334 381 2375 venel]
415 2334 459 2375 ,1.
493 2334 596 2388 leyn
628 2335 718 2376 dun
747 2335 952 2378 Genoves
985 2349 1066 2391 per
1098 2349 1204 2378 nom
1229 2335 1417 2391 Felippo
1440 2335 1584 2377 Paxin
1620 2335 1673 2378 de
1696 2334 1860 2378 Saena.

238 2405 307 2446 En
339 2404 382 2447 lo
417 2404 524 2459 qual
555 2404 658 2461 leyn
685 2419 885 2461 vengren
907 2404 1124 2449 Catalans
1159 2406 1339 2449 alscuns
1373 2420 1427 2448 en
1452 2406 1633 2448 Palerm
1666 2420 1688 2448 e
1720 2405 1862 2462 parti-

239 2489 318 2517 ren
352 2475 544 2517 dimartz
582 2475 682 2517 ΠΠ.
724 2476 818 2518 (1135
857 2477 929 2519 (131
965 2491 1061 2520 11135
1104 2478 1287 2520 demont
1325 2477 1391 2519 dit
1423 2478 1476 2519 de
1508 2476 1681 2533 Napols
1715 2492 1737 2519 e
1770 2477 1861 2528 diu,

309 2591 362 2618 375
383 2591 408 2635 1)
433 2592 463 2627 J.
492 2592 613 2625 sendet
638 2592 768 2626 diesem
794 2603 838 2626 311
862 2593 923 2627 der
948 2594 1057 2628 Kurie
1082 2594 1274 2628 wellenden
1302 2594 1500 2628 Gesandten
1526 2594 1628 2628 einen
1652 2593 1761 2635 BrieL
1795 2594 1862 2627 deu

239 2650 329 2685 Otho
358 2651 399 2684 de
425 2651 692 2685 Montecathano
720 2661 800 2685 vom
825 2651 952 2695 Papste
978 2652 1217 2697 mitgebracht.

381 2709 408 2753 ²)
434 2709 522 2743 Vom
548 2709 580 2745 J.
620 2710 719 2745 1321.
759 2710 840 2753 Reg.
872 2711 941 2746 338
977 2711 1003 2747 f.
1041 2711 1085 2746 52
1124 2712 1166 2748 ff.
1205 2712 1331 2746 Leider
1356 2712 1442 2746 fand
1481 2712 1538 2746 ich
1580 2712 1672 2745 diese
1699 2711 1862 2746 Ben'chte

239 2768 374 2803 Simons
400 2768 506 2802 nicht.

381 2826 407 2868 3)
433 2827 501 2862 Soll
529 2828 596 2861 den
620 2827 727 2870 Papst
752 2828 858 2861 daran
884 2827 1058 2862 erinnem.

379 2885 407 2930 4)
434 2886 491 2920 Or.
512 2886 572 2919 hat
594 2886 694 2920 1321.
720 2896 815 2920 muss
843 2886 926 2919 aber
952 2886 1043 2922 1322
1068 2887 1223 2930 113155311;
1250 2889 1341 2922 (131111
1367 2887 1497 2922 (13111315
1521 2898 1594 2921 war
1614 2887 1703 2922 Otho
1730 2898 1774 2922 an
1800 2888 1861 2921 der

238 2945 346 2979 Kurie
371 2956 540 2989 gewesen.
584 2945 714 2979 Zudem
740 2945 801 2979 der
826 2945 982 2979 Hinweis
1008 2946 1069 2979 auf
1096 2946 1149 2980 die
1175 2947 1321 2981 friihere
1340 2947 1611 2981 Gesandtschaft
1632 2947 1778 2989 Simons,
1805 2946 1859 2979 die

240 3002 328 3038 1231
357 3004 537 3038 5131113311.
