2296 3512
856 264 1172 303 —931—

206 390 444 444 prelibato,
471 390 752 433 necessarios
777 392 820 432 et
842 389 1131 432 sufficientes.
1195 389 1252 430 Et
1276 388 1314 430 si
1335 388 1454 429 forte
1481 400 1618 442 super
1643 401 1830 429 numero

207 459 442 502 doctorum
475 461 785 503 habendorum
804 460 875 501 vel
897 458 1172 502 sufficiencia
1200 472 1279 501 seu
1310 458 1559 500 idoneitate
1583 459 1831 500 eorundum
1858 502 1863 507 ,

208 530 325 571 inter
356 530 557 585 prefatos
592 531 854 586 episcopum
887 533 930 571 et
964 529 1212 584 capitulum
1246 531 1288 570 et
1317 528 1659 571 universitatem
1692 528 1833 571 omni-

209 613 284 641 um
324 601 632 655 predictorum
675 600 986 643 controversia
1028 599 1182 654 aliqua
1221 599 1439 651 oriretur,
1485 599 1606 653 quod
1638 600 1759 641 stent
1792 601 1835 640 et

210 672 332 712 stare
363 671 560 713 habeant
593 675 747 714 nostre
780 670 945 713 noticie
979 672 1023 711 et
1055 669 1372 721 declaracioni,
1407 683 1541 724 quam
1568 669 1671 710 inde
1698 670 1835 711 duxe-

210 739 352 783 rimus
400 741 673 793 faciendam3
721 756 801 783 nec
847 740 1139 783 universitati
1186 742 1427 781 teneantur
1468 740 1523 781 ad
1566 739 1689 781 aliud
1729 740 1836 781 dicti

212 811 451 866 episcopus
495 815 538 854 et
581 812 829 867 capitulum
871 811 959 854 nisi
999 812 1054 853 ad
1089 811 1210 852 dicta
1242 810 1332 852 tria
1364 809 1492 851 milia
1524 810 1604 852 sol.
1638 811 1759 852 Jacc.
1795 814 1839 852 et

213 881 476 924 canonicam
523 883 796 938 porcionem.
860 882 1081 924 Volumus
1126 884 1292 933 tamen,
1342 881 1463 936 quod
1508 880 1555 921 in
1603 881 1838 922 emendam

213 964 381 1005 eorum,
428 967 513 1008 que
556 953 693 995 iidem
735 953 977 1008 episcopus
1018 955 1061 994 et
1094 951 1344 1007 capitulum
1375 951 1633 992 habuerunt
1665 951 1839 993 solvere

214 1021 408 1064 discreto
450 1024 584 1066 Petro
628 1025 681 1065 de
727 1023 943 1065 Verdalia
985 1024 1269 1065 decretorum
1312 1021 1487 1064 doctori
1527 1022 1583 1063 ad
1619 1021 1839 1063 lecturam

214 1093 507 1136 decretalium
547 1108 629 1149 per
669 1094 761 1136 iam
803 1094 972 1136 dictum
1014 1093 1276 1149 episcopum
1311 1093 1543 1147 deputato,
1592 1091 1713 1133 dicta
1744 1091 1842 1133 uni-

214 1164 408 1206 versitas
455 1165 604 1207 solvat
650 1165 763 1220 ipsis
813 1165 1025 1220 episcopo
1075 1166 1119 1206 et
1167 1162 1366 1219 capitulo
1414 1162 1539 1204 mille
1586 1162 1667 1204 sol.
1719 1163 1841 1204 Jacc.

214 1234 432 1290 Hancque
465 1238 670 1278 nostram
702 1235 1025 1291 provisionem,
1075 1234 1414 1276 ordinacionem
1449 1236 1493 1275 et
1521 1232 1843 1274 diffinicionem

215 1304 423 1347 volumus
457 1319 538 1361 per
570 1306 715 1348 dictas
747 1309 902 1361 partes
934 1304 1259 1347 inviolabiliter
1286 1302 1516 1346 custodiri.
1573 1303 1844 1344 Mandantes

218 1375 339 1418 curie
382 1376 543 1429 Ilerde,
592 1377 670 1432 qui
713 1391 831 1418 nunc
879 1379 946 1418 est
986 1379 1028 1418 et
1069 1375 1146 1431 qui
1185 1388 1268 1430 pro
1308 1378 1513 1429 tempore
1545 1372 1696 1425 fuerit,
1730 1375 1846 1414 cete-

218 1445 370 1501 risque
412 1446 582 1489 nostris
621 1447 904 1499 officialibus,
939 1447 1060 1501 quod
1092 1445 1300 1501 predicta
1333 1444 1568 1487 observari
1599 1442 1772 1485 faciant
1805 1445 1848 1484 et

219 1516 442 1558 neminem
476 1517 790 1559 contravenire
821 1517 1104 1573 permittant.
1169 1516 1273 1558 Dat.
1307 1515 1454 1556 Ilerde
1477 1515 1534 1556 Π.
1561 1526 1706 1556 1101135
1740 1512 1848 1568 Sep—

220 1587 409 1629 tembris
444 1601 560 1630 anno
594 1588 777 1630 Domini
809 1585 1152 1631 MCOCCOXHIO.

361 1657 444 1701 Reg.
470 1657 541 1692 240
567 1658 591 1694 f.
619 1659 696 1692 113.
749 1658 852 1692 Gedr.
878 1658 1019 1701 Espafia
1044 1657 1190 1701 sagrada
1214 1656 1362 1699 XLVII,
1390 1656 1470 1690 351.

224 1799 320 1840 306.
344 1800 506 1854 Jayme
527 1801 594 1842 ΙΙ.
617 1813 675 1842 311
697 1801 898 1842 Thomas
920 1811 1008 1842 von
1030 1798 1262 1841 Proxida:
1296 1798 1492 1840 Bericht
1513 1796 1593 1839 (105
1613 1797 1642 1841 J
1646 1797 1850 1839 ohannes

223 1869 484 1923 Burgunffi,
517 1870 621 1912 (lass
654 1882 706 1912 er
737 1871 788 1912 iu
810 1871 979 1924 Neapel
1002 1871 1137 1912 einen
1160 1868 1241 1910 fiir
1269 1867 1354 1909 100
1371 1866 1553 1910 Gulden
1573 1867 1851 1909 k'auflichen

223 1938 357 1981 Titus
374 1940 532 1983 Livius
551 1942 771 1994 gesellcn3
790 1941 961 1984 Befehl
976 1942 1161 1995 Jaymes
1179 1940 1261 1993 ΙΙ.,
1284 1939 1388 1981 (lass
1405 1938 1605 1980 Thomas
1623 1938 1704 1980 (las
1721 1938 1852 1980 Buch

224 2009 304 2051 fi‘u·
350 2011 433 2052 ihn
494 2011 666 2054 kaufen
727 2012 822 2054 und
873 2012 973 2053 ihm
1029 2010 1203 2053 senden
1255 2009 1362 2052 soll.
1444 2008 1615 2051 Lei-ida
1662 2007 1852 2064 (1314)5

883 2082 1093 2123 Februar
1128 2081 1196 2122 19.

366 2174 565 2218 Jacobus
599 2178 679 2217 etc.
729 2175 891 2217 dilecto
937 2174 1196 2217 consiliario
1238 2187 1319 2217 suo
1363 2173 1531 2215 Thome
1571 2173 1625 2214 de
1656 2172 1856 2214 Proxida

229 2246 421 2287 salutem
455 2248 534 2287 010.
597 2245 720 2288 Scire
758 2260 838 2289 vos
870 2246 1093 2298 volumus,
1128 2246 1249 2300 quod
1281 2243 1554 2286 venerabilis
1589 2245 1632 2285 et
1664 2242 1854 2284 dilectus

230 2316 516 2359 consiliarius
560 2319 715 2359 noster
746 2317 977 2360 Johannes
1023 2316 1259 2371 Burgundi
1304 2315 1499 2357 sacrista
1543 2312 1857 2356 Maioricensis

229 2387 407 2429 rediens
453 2388 506 2428 de
549 2387 759 2442 partibus
797 2387 1013 2443 Neapolis
1060 2388 1116 2428 ad
1160 2399 1243 2428 nos
1288 2385 1464 2440 pridem
1512 2383 1669 2426 retulit
1712 2383 1856 2436 nobis,

233 2459 352 2512 quod
388 2457 550 2499 viderit
590 2458 635 2499 in
669 2458 852 2500 civitate
884 2461 1038 2500 vestra
1071 2458 1123 2510 (‘?)
1154 2456 1347 2512 Neapoli
1378 2456 1425 2497 in
1456 2468 1591 2511 posse
1624 2454 1858 2496 cuiusdam

231 2528 482 2570 venditoris
528 2528 750 2571 librorum
795 2529 1019 2583 quendam
1065 2527 1233 2569 librum
1277 2526 1503 2578 venalem,
1552 2525 1857 2567 intitulatum:

235 2599 380 2649 ,Titus
412 2598 591 2641 Livius‘
639 2599 685 2640 in
734 2611 822 2653 quo
868 2600 1095 2640 tractatur
1144 2599 1197 2640 de
1241 2599 1362 2639 bona
1406 2599 1449 2638 et
1487 2598 1621 2651 grata
1651 2595 1859 2645 materia,

235 2683 370 2725 quam
413 2669 568 2711 audire
614 2672 658 2710 et
702 2668 816 2711 scire
847 2669 1080 2710 vellemus.
1142 2668 1201 2710 Et
1246 2668 1366 2723 quod
1397 2666 1745 2721 requirebantur
1776 2678 1859 2720 pro

234 2740 386 2796 precio
430 2739 574 2795 ipsius
618 2739 724 2781 libri
762 2739 922 2781 floreni
955 2739 1054 2780 auri
1088 2740 1278 2780 centum.
1344 2736 1546 2791 Cumque
1578 2749 1661 2778 nos
1693 2735 1859 2776 librum

235 2811 384 2866 ipsum
418 2810 723 2853 desideremus
756 2810 923 2851 habere
958 2809 1163 2851 volumus
1197 2811 1240 2850 et
1274 2821 1352 2850 vos
1374 2819 1603 2862 rogamus,
1638 2808 1861 2861 quatenus

239 2882 407 2924 dictum
454 2881 622 2923 librum
668 2881 715 2922 in
763 2880 946 2921 civitate
998 2879 1204 2934 predicta
1259 2877 1538 2934 perquiratis
1592 2879 1636 2918 et
1682 2875 1862 2917 faciatis

238 2953 442 3008 perquiri
473 2953 712 3007 ipsumque
746 2950 907 2992 ematis
942 2952 985 2991 et
1018 2952 1220 3004 emptum
1254 2950 1311 2990 ad
1342 2962 1425 2990 nos
1458 2946 1631 2988 mitatis
1675 2946 1862 2988 eundem

238 3037 320 3079 per
340 3022 553 3065 nuncium
577 3035 798 3065 securum.
837 3021 895 3062 Et
918 3019 1182 3073 significetis
1199 3018 1330 3061 nobis
1346 3031 1429 3073 per
1448 3020 1644 3060 vestram
1663 3016 1863 3057 litteram

1654 3098 1682 3130 ἵ,
1691 3098 1715 3125 {³²
