2296 3512
821 261 1136 301 —885—

168 394 265 433 562.
283 388 705 433 Kardinalbischof
716 389 745 432 J
748 388 954 430 ohannes
972 399 1059 430 von
1080 388 1223 430 Porto
1241 401 1298 430 an
1315 389 1344 432 J
1347 400 1478 443 ayme
1496 389 1583 430 II.:
1605 387 1785 429 Arnald

165 473 251 504 von
268 461 511 503 villanova
524 459 607 500 hat
627 460 678 500 in
695 457 974 511 Gegenwart
987 457 1067 500 des
1083 458 1275 512 Papstes
1298 458 1391 500 und
1414 458 1493 500 (les
1510 458 1784 501 Kardinals-

165 531 324 584 kolleg
354 529 639 572 sonderbare
671 529 823 582 Dinge
861 529 1197 582 vorgetragen3
1241 540 1292 570 er
1332 529 1415 571 hat
1447 529 1549 570 dem
1583 529 1785 582 gemein-

165 612 320 643 samen
351 598 578 652 Freunde‚
611 599 714 641 (lem
739 598 1137 641 Ordensminister
1169 599 1219 640 in
1251 599 1518 652 Aragonien
1549 599 1787 641 berichtet

164 672 257 713 und
294 670 535 723 bedauert‚
575 669 680 711 (lass
727 680 779 711 er
816 680 898 711 aus
926 669 1328 722 Vergesslichkeit
1369 669 1444 711 (lie
1482 668 1786 722 kiiniglichen

165 741 427 785 Gesandten
458 740 591 782 nicht
613 739 887 782 informiert
907 739 1005 781 hat.
1067 740 1281 792 Avignon
1303 739 1459 794 (1309)
1483 739 1689 782 Oktober
1714 739 1786 781 26.

305 821 418 865 Cum
470 835 614 876 nuper
662 822 708 864 in
760 824 1001 876 conspectu
1049 821 1220 863 domini
1265 821 1428 863 summi
1473 821 1698 875 pontificis
1743 823 1789 862 et

163 893 303 936 totius
326 893 505 948 collegii
528 893 813 935 dominorum
842 892 1142 934 cardinalium
1164 905 1246 947 per
1269 892 1491 947 quendam
1515 891 1785 946 magistrum

163 964 417 1006 Arnaldum
467 963 703 1019 physicum
744 963 898 1018 aliqua
940 962 1125 1005 fuerunt
1166 962 1414 1017 proposita,
1458 976 1542 1017 que
1587 966 1787 1004 vestram

164 1035 474 1078 celsitudinem
508 1034 689 1089 expedit
720 1048 810 1077 non
842 1034 999 1087 latere,
1034 1068 1042 1076 .
1073 1067 1081 1075 .
1107 1068 1115 1075 .
1150 1033 1355 1088 predicta
1388 1046 1609 1087 exponere
1643 1034 1687 1074 et
1716 1046 1785 1074 re-

163 1119 315 1148 serare
348 1106 606 1147 curavimus
639 1105 853 1160 religioso
886 1104 984 1147 viro
1016 1104 1139 1147 fideli
1169 1104 1379 1146 servitori
1403 1106 1446 1145 et
1469 1104 1613 1145 amico
1638 1105 1788 1145 vestre

164 1179 207 1218 et
238 1179 394 1219 nostro
427 1176 561 1218 fratri
594 1176 801 1231 R[omeo]
836 1175 1046 1218 ministro
1078 1175 1310 1231 provincie
1342 1174 1592 1228 Aragonie,
1625 1176 1676 1216 ut
1706 1187 1787 1228 per

162 1248 310 1302 ipsum
342 1246 537 1301 possetis
570 1248 624 1289 de
656 1246 746 1289 illis
778 1246 1018 1288 informari
1051 1247 1108 1288 ad
1140 1246 1322 1301 plenum
1357 1249 1400 1287 et
1433 1245 1684 1286 deliberare
1706 1257 1788 1299 per

162 1331 455 1373 consequens,
490 1318 597 1373 quid
631 1319 867 1373 agendum.
914 1317 1130 1360 Dolentes
1162 1331 1330 1368 revere,
1366 1317 1485 1371 quod
1508 1330 1597 1358 non
1618 1314 1788 1358 fuimus

162 1401 385 1431 memores
418 1388 601 1431 nuntios
635 1391 824 1440 vestros,
859 1388 1039 1444 quando
1071 1401 1154 1442 pro
1187 1392 1318 1442 parte
1344 1390 1498 1429 vestra
1519 1386 1660 1429 locuti
1683 1388 1789 1428 sunt

163 1459 310 1511 nobis,
342 1459 603 1511 informare,
638 1459 754 1502 sicut
787 1459 1154 1513 disposueramus
1188 1459 1336 1500 facere
1370 1458 1423 1500 de
1455 1457 1670 1512 predictis
1705 1491 1712 1498 .
1742 1490 1750 1498 .
1777 1490 1785 1497 .

161 1530 267 1572 Dat.
296 1530 522 1572 Auiuione
555 1530 625 1572 die
658 1530 821 1572 XXVI.
847 1529 1070 1572 Octobris.

303 1599 405 1635 CRD.
455 1600 609 1644 Separat.
661 1600 718 1634 Or.
745 1600 828 1643 Pap.
855 1599 930 1643 Ssp.

162 1732 260 1774 563.
294 1731 716 1774 Kal-(linalbischof
742 1732 984 1785 Berengar
1017 1742 1104 1773 von
1129 1730 1380 1772 Tusculum
1413 1742 1471 1771 an
1502 1730 1664 1784 Javme
1696 1729 1786 1770 II.:

162 1802 411 1857 empfiehlt
432 1802 520 1845 den
544 1801 669 1846 Sohn
693 1801 772 1844 (les
795 1802 961 1845 Arztes
983 1800 1337 1854 Ermengaudus
1360 1801 1526 1844 Blasii.
1570 1800 1786 1853 Avignon

629 1872 768 1928 (nach
802 1871 937 1924 1309)
969 1873 1223 1915 Dezember
1254 1871 1324 1914 31.

303 1954 542 2007 Quondam
601 1955 821 2010 magister
872 1955 1217 2010 Ermengaudus
1277 1955 1330 1996 de
1373 1952 1787 2008 MontepessulanQ

162 2025 362 2081 phisicus
395 2030 438 2067 et
469 2025 710 2069 familiaris
744 2026 914 2068 domini
940 2025 1085 2069 nostri
1108 2026 1274 2068 summi
1300 2024 1527 2081 pontificis
1550 2024 1615 2067 sic
1640 2023 1786 2075 nobis,

163 2097 267 2138 dum
313 2096 439 2148 vixit,
485 2100 667 2151 gratum
707 2101 750 2139 et
792 2100 1025 2151 acceptum
1066 2110 1113 2139 se
1144 2095 1355 2149 reddidit,
1391 2096 1511 2152 quod
1542 2097 1788 2150 propterea

162 2180 245 2209 nos
276 2167 425 2221 ipsum
459 2167 701 2210 affectuose
734 2168 974 2211 dileximus
1007 2170 1051 2210 et
1082 2169 1138 2210 ob
1173 2167 1268 2210 eius
1300 2166 1566 2209 memoriam
1601 2166 1657 2207 ad
1680 2178 1787 2208 suos

160 2237 355 2280 libenter
386 2240 589 2280 nostram
622 2237 977 2281 benivolenciam
1004 2239 1275 2280 derivamus.
1334 2236 1447 2279 Cum
1469 2237 1637 2291 itaque,
1671 2235 1788 2278 sicut

165 2308 468 2364 [re]cepimus,
501 2308 759 2351 Bernardus
801 2309 943 2352 Blasii
987 2309 1107 2351 filius
1153 2308 1261 2351 dicti
1292 2307 1453 2363 phisici
1486 2321 1569 2362 pro
1603 2307 1788 2362 quibus-

163 2380 266 2421 dam
310 2379 404 2421 suis
444 2379 732 2433 expediendis
764 2379 958 2435 negotiis
992 2381 1049 2422 ad
1081 2380 1255 2434 regiam
1289 2379 1463 2422 accedit
1494 2377 1785 2434 presentiam,

163 2449 476 2492 excellentiam
518 2452 717 2492 vestram
758 2449 1030 2492 fiducialiter
1063 2452 1380 2506 deprecamur,
1424 2452 1647 2505 quatenus
1681 2462 1786 2490 eun-

162 2522 262 2563 dem
301 2520 584 2562 Bernardum
624 2524 718 2561 tam
762 2522 950 2574 propter
991 2521 1156 2563 merita
1196 2521 1306 2563 dicti
1344 2520 1489 2575 patris
1534 2520 1605 2562 sui
1649 2532 1785 2575 quam

162 2591 298 2633 etiam
341 2604 524 2645 precum
569 2594 829 2633 nostrarum
868 2591 1035 2633 intuitu
1066 2592 1234 2633 habere
1267 2591 1416 2634 velitis
1450 2604 1586 2645 super
1618 2590 1785 2632 eisdem

161 2661 356 2718 negotiis
410 2661 617 2716 benignis
669 2664 712 2703 et
753 2660 1084 2704 favorabilibus
1129 2662 1364 2704 affectibus
1407 2661 1783 2704 commendatum.

161 2733 265 2774 Dat.
294 2731 518 2775 Auinione
551 2732 622 2774 die
654 2731 814 2774 ultimo
847 2732 1123 2775 Decembris.

302 2802 392 2838 CBD
427 2801 558 2836 13469.
609 2802 666 2836 Or.
700 2802 783 2845 Pap.
816 2800 891 2845 Ssp.
941 2801 1010 2836 235
1041 2803 1067 2837 f.
1101 2802 1187 2836 lOV:
1225 2802 1370 2846 (1303)4
1400 2803 1531 2836 Januar
1561 2801 1606 2836 25
1639 2801 1730 2845 zeigt
1752 2801 1785 2834 J.

162 2862 241 2895 dem
267 2871 355 2905 mag.
382 2861 644 2905 Ermengaudus
669 2860 775 2894 Blasii
801 2870 856 2903 an,
888 2860 967 2895 dass
992 2871 1031 2894 er
1063 2872 1106 2894 zu
1131 2861 1267 2906 Philipp
1293 2862 1325 2896 d.
1352 2861 1430 2896 Sch.
1462 2860 1562 2895 miles
1588 2862 1623 2894 et
1647 2859 1785 2894 consili-

161 2919 253 2954 arius
278 2920 427 2954 Poncius
453 2920 495 2953 de
520 2919 700 2954 Materono
733 2919 865 2955 sendet.
908 2919 954 2953 Er
979 2918 1041 2953 soll
1067 2919 1140 2953 ihm
1165 2919 1324 2964 glauben.
1371 2920 1452 2965 Reg.
1479 2919 1549 2953 210
1572 2920 1598 2954 f.
1624 2918 1686 2954 88:
1711 2918 1785 2953 Nos

160 2978 310 3013 Jacobus
335 2980 400 3013 etc.
443 2978 711 3014 Considerantes
736 2977 892 3021 servicia7
919 2988 985 3022 que
1003 2987 1091 3022 mag.
1109 2978 1372 3022 Ermengaudus
1390 2978 1495 3012 Blasii
1520 2977 1642 3012 fisious
1668 2979 1786 3011 noster

162 3037 334 3081 quondam
359 3037 457 3072 nobis
483 3037 655 3080 exhibuit,
683 3037 808 3070 nimmt
832 3036 952 3071 seinen
981 3036 1076 3071 Sohn
1107 3037 1307 3072 Bernardus
1335 3037 1440 3072 Blasii
1467 3048 1545 3071 zum
1576 3037 1785 3070 domesticus
