2296 3512
1025 283 1344 322 —794—

371 409 562 462 inutilis,
596 412 747 451 tamen
770 409 992 451 veraciter
1023 409 1070 450 in
1094 407 1275 451 Christo
1296 409 1437 451 Jhesu
1469 422 1549 452 vos
1583 410 1777 452 amantis
1809 409 1995 452 turbata

372 483 455 523 est.
518 481 576 522 Et
615 481 723 535 quid
761 480 940 522 dicam?
973 479 1176 522 Parisius
1210 493 1333 522 eram
1369 482 1412 522 et
1444 480 1567 522 venit
1614 481 1670 522 ad
1713 480 1991 523 audienciam

373 564 521 592 meam
568 551 688 593 inter
719 563 800 593 vos
841 553 884 592 et
916 550 1149 593 dominum
1192 564 1345 605 regem
1380 551 1714 603 Maioricarum,
1764 551 1994 593 dominum

374 624 420 663 et
438 621 627 663 fratrem
649 635 813 672 meum,
835 622 976 663 verba
992 621 1150 663 habita
1173 621 1225 662 de
1249 621 1403 663 futura
1426 621 1707 664 successione
1730 621 1995 664 hereditatis

374 694 418 733 et
463 692 515 733 de
565 692 870 734 declaratione
907 704 990 747 per
1030 705 1131 733 eum
1171 691 1306 733 facta.
1379 692 1534 733 Laudo
1576 692 1804 734 dominum
1849 692 1995 733 Deum

372 775 537 814 meum,
573 762 649 817 qui
682 763 738 804 ab
767 776 818 804 ea
842 766 885 804 et
908 762 1002 805 eius
1036 775 1116 818 spe
1148 775 1230 818 per
1251 762 1589 818 imposicionem
1624 762 1719 817 iugi
1741 762 1811 805 sui
1842 762 1995 805 suavis

376 835 420 874 et
451 832 634 875 honeris
667 833 779 876 levis
802 847 872 875 me
899 833 1255 875 misericorditer
1288 833 1491 875 exclusit.
1544 833 1603 875 Et
1627 833 1800 875 utinam
1829 832 1996 875 altissi-

372 916 474 945 mus
506 904 744 959 utriusque
777 905 1063 947 dominorum
1096 917 1299 946 meorum
1331 903 1421 946 illis
1445 903 1603 946 diebus
1636 903 1835 945 animum
1867 917 1995 946 occu-

374 977 528 1028 passet
576 975 798 1018 desiderio
848 974 1136 1030 adipiscende
1176 974 1443 1017 hereditatis
1476 974 1647 1016 eterne!
1684 1008 1691 1015 .
1727 1008 1734 1015 .
1770 1008 1778 1015 .
1812 974 1996 1017 Utinam

375 1045 428 1086 de
475 1045 559 1087 hoc
593 1059 646 1087 ea
678 1046 748 1087 die
782 1046 920 1087 verba
964 1044 1156 1088 fuissent
1188 1045 1307 1086 inter
1349 1045 1593 1099 principes!
1649 1045 1831 1087 Utinam
1868 1047 1911 1086 et
1944 1045 1997 1086 de

373 1115 625 1158 hereditate
665 1117 718 1158 de
761 1130 922 1158 canum
961 1115 1172 1158 manibus
1216 1116 1436 1170 rapienda
1477 1119 1521 1157 et
1559 1114 1741 1158 Christo
1772 1116 1913 1157 Jhesu
1955 1118 1998 1158 et

375 1186 470 1228 eius
502 1187 669 1241 populo
703 1187 996 1242 acquirenda!
1032 1185 1110 1228 Set
1141 1187 1228 1228 heu
1255 1186 1347 1228 me!
1381 1186 1576 1242 Liquido
1608 1189 1734 1241 patet
1765 1186 1996 1228 inimicum

373 1256 602 1299 hominem
643 1257 871 1312 prefatum
919 1271 1071 1300 semen
1118 1257 1165 1299 in
1207 1257 1418 1299 cordibus
1461 1257 1746 1299 dominorum
1793 1270 1997 1299 meorum

375 1328 622 1371 seminasse
656 1363 664 1370 .
701 1362 708 1369 .
744 1363 752 1370 .
788 1330 886 1371 Non
932 1329 1112 1370 dubitat
1158 1341 1259 1370 mea
1300 1328 1519 1382 parvitas,
1569 1329 1688 1383 quod
1733 1328 1845 1369 bene
1877 1328 1999 1369 videt

374 1399 501 1454 regia
533 1400 749 1442 maiestas
781 1401 863 1442 hec
895 1400 1068 1442 semina
1100 1413 1189 1441 non
1212 1412 1308 1442 esse
1341 1398 1477 1451 illius,
1513 1399 1590 1454 qui
1612 1402 1680 1441 est
1701 1402 1832 1453 pater
1856 1397 1999 1440 futuri

375 1470 528 1522 seculi,
574 1471 784 1525 princeps
815 1471 955 1525 pacis,
1004 1484 1105 1512 cum
1154 1484 1208 1511 ex
1241 1470 1304 1512 eis
1351 1483 1441 1512 non
1475 1469 1660 1525 colligat
1707 1469 1909 1511 triticum
1952 1468 1999 1511 in

374 1540 587 1582 horreum
632 1555 777 1584 suum.
841 1542 932 1583 Nec
973 1554 1185 1595 presumo
1231 1541 1434 1596 cogitare
1473 1540 1544 1582 vel
1583 1541 1743 1592 dicere,
1784 1553 1867 1594 pro
1910 1552 1999 1595 qua

373 1614 503 1666 parte
537 1612 597 1654 sit
627 1612 821 1665 iusticia,
856 1612 962 1668 quia
994 1612 1168 1668 ignoro,
1203 1625 1284 1653 nec
1316 1615 1384 1654 est
1416 1625 1512 1653 mee
1545 1611 1815 1663 vocacionis,
1848 1624 1918 1652 me
1951 1611 1998 1652 in

375 1682 633 1725 huiusmodi
673 1683 972 1738 immiscereb)
1023 1717 1031 1724 .
1068 1717 1076 1724 .
1112 1717 1120 1724 .
1156 1682 1305 1735 Quam
1343 1682 1492 1725 facilis
1535 1686 1603 1725 est
1634 1682 1709 1724 via
1742 1681 1996 1724 concordie!

373 1752 506 1805 Quod
539 1768 629 1797 non
651 1754 915 1797 instruendo
943 1757 1011 1796 set
1034 1757 1234 1797 vestram
1257 1753 1547 1795 clemenciam
1579 1753 1865 1807 implorando
1899 1751 1997 1793 bal-

376 1824 526 1866 bucio:
577 1824 625 1867 Si
658 1826 711 1867 de
744 1825 1040 1877 successione,
1083 1825 1122 1866 si
1164 1825 1217 1866 de
1262 1827 1486 1878 potestate
1521 1827 1788 1875 castrorum,
1830 1822 1903 1864 vel
1944 1823 1998 1864 de

373 1908 643 1951 quocunque
677 1896 766 1938 alio
800 1898 868 1938 est
903 1895 1197 1950 disceptacio,
1232 1929 1240 1936 .
1269 1929 1277 1937 .
1306 1929 1313 1936 .
1353 1908 1434 1936 nec
1465 1907 1547 1937 vos
1571 1928 1579 1935 .
1606 1928 1614 1935 .
1640 1929 1647 1935 .
1678 1907 1760 1935 nec
1791 1893 1999 1936 dominus

374 1966 518 2007 frater
550 1980 676 2009 meus
710 2001 718 2008 .
745 2000 752 2007 .
779 2000 786 2008 .
815 1966 964 2009 velitis
998 1966 1172 2021 aliquid
1204 1965 1249 2007 in
1281 1966 1368 2009 hiis
1402 1965 1727 2021 questionibus,
1759 1964 1847 2006 nisi
1880 1964 2000 2020 quod

373 2037 463 2079 erit
495 2039 740 2079 secundum
773 2038 918 2079 Deum
953 2040 996 2079 et
1027 2037 1268 2079 iusticiam.

517 2107 557 2141 ln
584 2107 752 2149 langerer,
785 2107 1055 2152 phrasenhafter
1078 2106 1302 2150 Darstellung
1332 2106 1418 2139 wird
1450 2106 1562 2139 dieses
1587 2105 1709 2139 weiter
1733 2103 1998 2148 durchgefiihrt.

376 2166 479 2200 Dann
503 2167 645 2200 werden
669 2166 705 2200 in
732 2167 932 2200 dustersten
950 2165 1087 2200 Farben
1113 2165 1168 2199 die
1187 2165 1316 2209 Folgen
1341 2165 1402 2199 des
1421 2164 1566 2208 Krieges
1588 2164 1802 2209 gezeichnet,
1828 2163 1888 2197 fiir
1903 2163 2002 2197 Laud

375 2225 447 2259 und
463 2225 669 2268 Herrscber,
697 2225 804 2259 selbst
829 2226 892 2259 der
909 2225 1028 2269 Sieger
1054 2225 1097 2258 ist
1123 2224 1356 2269 ungliicklich.
1395 2224 1476 2258 Und
1503 2222 1718 2258 schliesslich
1736 2226 1839 2257 unter
1855 2222 2000 2256 wieder-

375 2283 493 2318 holten
518 2284 637 2318 Bitten
675 2295 734 2318 mn
760 2284 909 2318 Frieden
946 2284 1017 2318 und
1043 2283 1226 2318 Eintracht
1257 2283 1319 2317 der
1344 2283 1469 2317 beiden
1493 2282 1692 2317 Herrscher
1716 2281 1803 2326 folgt
1828 2281 1920 2315 dann
1944 2281 2000 2315 ein

376 2343 440 2377 mit
452 2343 676 2378 Danteschen
690 2343 809 2388 Zugen
823 2343 1057 2377 entworfenes
1071 2342 1149 2376 Bild
1163 2343 1226 2376 der
1238 2341 1338 2376 H'olle
1355 2342 1426 2375 und
1440 2342 1502 2376 der
1516 2343 1700 2384 ,tormenta
1713 2341 1999 2384 dampnatorum&

517 2402 580 2436 Est
606 2402 698 2436 enim
730 2402 777 2436 ibi
803 2402 1013 2444 obscuritas,
1052 2402 1181 2444 fumus,
1220 2401 1322 2443 fetor,
1355 2400 1510 2444 sulphur,
1544 2402 1579 2434 et
1602 2400 1693 2444 ignis
1717 2397 1999 2443 inextinguibilis,

374 2472 534 2496 oerceres
561 2461 669 2495 eterni
696 2464 731 2495 et
756 2460 904 2504 vincula,
932 2466 967 2495 et
992 2461 1214 2495 corrodentes
1240 2460 1330 2505 ignei
1356 2461 1547 2504 serpentes,
1573 2461 1608 2494 et
1632 2469 1770 2493 vermes
1797 2459 2001 2501 dampnatos

376 2521 616 2561 corrodentes,
650 2521 813 2555 fornaces
838 2523 874 2554 et
897 2522 1033 2554 montes
1059 2522 1094 2554 et
1119 2519 1309 2554 carbonum
1335 2519 1540 2554 cadencium
1564 2518 1772 2563 ignitorum,
1805 2518 2001 2551 ferreorum

377 2579 540 2614 abissales
566 2579 764 2624 congeries,
793 2580 971 2624 voragines
996 2578 1183 2622 sulphuree
1209 2579 1387 2621 ardentes,
1414 2578 1450 2612 in
1476 2578 1599 2623 quibus
1625 2576 1756 2611 clamor
1781 2578 1816 2610 et
1839 2575 2002 2610 dencium

379 2639 516 2681 stridor,
556 2638 775 2672 revolventes
813 2640 847 2672 et
878 2638 1086 2672 inundantes
1124 2639 1159 2671 et
1195 2638 1269 2671 sine
1296 2638 1404 2671 fundo
1430 2637 1582 2671 fetentes
1608 2639 1643 2670 et
1667 2635 1806 2670 obscuri
1830 2636 2001 2668 torrentes

377 2698 493 2741 sepius
519 2697 728 2731 inundantes
754 2697 796 2731 ad
826 2696 1101 2731 submersionem
1126 2696 1328 2740 punitorum
1354 2697 1389 2730 in
1415 2696 1464 2730 eis
1489 2698 1524 2731 et
1549 2695 1778 2737 retrahentes,
1804 2696 1843 2728 ut
1868 2695 1911 2728 ad
1935 2693 2002 2727 alia

377 2755 571 2791 crudeliora
607 2762 781 2790 tonnenta
817 2757 1107 2799 transportentur.
1146 2755 1248 2789 fovee
1285 2766 1347 2789 seu
1384 2755 1478 2798 putei
1511 2754 1729 2798 serpencium
1755 2753 1941 2798 ignitorum
1967 2754 2002 2786 et

378 2815 625 2849 devorancium
638 2815 828 2849 bestiarum
843 2842 850 2848 .
867 2841 874 2848 .
891 2842 898 2849 .
915 2814 994 2849 Dat.
1003 2814 1156 2848 Parisius
1169 2825 1275 2848 manu
1287 2813 1409 2858 propia
1421 2814 1591 2858 scriptum
1604 2813 1721 2847 XVH.
1736 2811 1926 2846 kalendas]
1928 2810 2000 2846 ulii.

520 2873 610 2909 CRD
628 2873 731 2908 4187.
775 2873 832 2909 Or.
851 2873 934 2917 Pap.
952 2873 1028 2916 Ssp.
1072 2873 1141 2907 Das
1167 2872 1275 2907 Stiick
1299 2872 1422 2916 gehort
1447 2871 1539 2906 wohl
1564 2872 1600 2905 in
1626 2871 1680 2905 die
1705 2869 2002 2913 Verhandlungen

378 2933 440 2967 des
464 2932 590 2967 Jahres
617 2933 719 2968 1317.
769 2932 851 2966 Gibt
887 2932 942 2966 die
967 2931 1285 2975 Seelenstimmung
1321 2931 1382 2965 des
1419 2930 1699 2974 spiritualistisch
1736 2928 2001 2973 angehauchten

378 2991 529 3026 Prinzen
553 2993 615 3035 gut
639 2991 779 3025 wieder.
829 2984 926 3025 [Ther
950 2991 1046 3025 seine
1071 2990 1347 3024 Persbnlichkeit
1372 2989 1439 3034 vgl.
1466 2988 1673 3032 Einleitung.

521 3063 551 3105 b)
576 3062 623 3096 Es
648 3062 743 3096 steht
768 3062 825 3096 da:
851 3062 1034 3096 inviscare.
