2296 3512
918 245 1233 285 —649—

271 363 411 405 ditum
455 377 545 406 una
589 379 689 408 cum
731 369 988 424 quingentis
1030 375 1428 430 marrat01=ibus⁵),
1469 379 1545 433 qui
1586 379 1656 422 die
1694 380 1798 422 lune
1831 382 1885 423 de

267 433 470 475 Bononia
531 440 825 479 recesserunt.
931 440 1029 496 Ego
1093 456 1199 485 vero
1254 446 1433 499 nolens,
1509 451 1629 503 quod
1687 451 1884 507 [negli]-

267 503 415 558 gentie
478 519 574 547 mee
638 508 783 560 possit
850 510 1016 552 ascribi
1079 526 1160 554 nec
1228 516 1439 561 dubitans
1504 519 1639 562 vilem
1703 535 1883 564 carnem

265 586 346 615 nec
400 587 488 616 non
540 589 623 631 pro
675 578 844 620 honore
900 583 1049 624 vestro
1094 586 1138 624 et
1181 586 1365 629 ecclesie
1404 592 1558 632 sancte
1595 591 1679 633 Dei
1721 593 1882 636 mortis

265 644 416 686 subire
488 646 700 700 periculis
774 649 894 692 dicta
967 652 1038 694 die
1114 653 1217 696 lune
1301 658 1510 701 similiter
1585 663 1751 705 recessi
1827 665 1880 705 de

262 715 466 757 Bononia
506 730 663 760 versus
704 720 961 762 Ferrariam
1003 723 1203 779 dirigens
1244 741 1427 782 gressus
1460 745 1595 774 meos.
1662 733 1879 789 [He]ri(?)

263 785 429 828 dictam
477 787 705 831 civitatem
752 791 1009 834 Ferrariam
1056 795 1244 849 intravi,
1293 799 1369 840 ubi
1415 807 1623 857 receptus
1670 804 1735 845 fui
1779 818 1879 847 cum
1931 839 1939 845 .

260 855 549 901 ineffalilibus
595 861 760 914 gaudio
794 865 838 904 et
868 863 1051 906 honore.
1117 865 1319 922 [Scia]tis
1357 869 1553 926 insuper,
1594 876 1878 918 sanctissime

261 926 451 979 domine,
486 930 604 983 quod
636 944 781 986 nuper
806 935 1070 989 octuaginta
1092 937 1146 979 de
1169 939 1378 992 gentibus
1401 943 1570 986 nostris
1593 949 1880 988 accesserunt

261 997 313 1038 de
344 1001 473 1039 nocte
506 1000 562 1041 ad
595 1002 820 1055 quoddam
848 1006 1098 1048 manerium
1123 1007 1398 1053 Venetorum
1421 1012 1596 1056 distans
1621 1028 1647 1056 a
1668 1015 1878 1059 Ferraria

256 1067 341 1109 XV
373 1069 583 1122 miliaria,
617 1072 695 1113 ubi
719 1073 877 1116 Veneti
911 1080 1066 1119 euntes
1100 1082 1144 1120 et
1175 1081 1413 1125 redeuntes
1440 1097 1597 1127 versus
1620 1086 1874 1130 Ferrariam

255 1138 396 1194 recipi
422 1147 763 1196 consueverant,
798 1148 842 1186 et
875 1147 1111 1191 combusto
1143 1150 1356 1205 primitus
1388 1153 1565 1207 prefato
1599 1158 1798 1199 manerio
1833 1161 1876 1201 et

254 1208 513 1253 hominibus
554 1213 657 1267 plus
690 1228 826 1270 quam
859 1217 1048 1273 triginta
1078 1219 1247 1264 ibidem
1282 1224 1578 1268 existentibus
1609 1227 1874 1283 interfectis,

255 1279 309 1320 de
340 1281 474 1324 rebus
506 1282 719 1340 ibidemd)
755 1321 762 1327 .
798 1321 806 1328 .
842 1322 850 1329 .
884 1302 1035 1331 secum
1069 1292 1295 1336 duxerunt
1326 1299 1562 1340 sexcentos
1594 1302 1801 1342 mutones
1832 1303 1876 1343 et

255 1354 451 1405 quatuor
484 1353 632 1396 boves.
698 1354 907 1400 Ceterum
939 1360 985 1402 in
1018 1362 1235 1406 Paduana
1267 1365 1434 1410 diocesi
1466 1368 1512 1409 in
1535 1372 1685 1412 castro
1713 1375 1873 1414 vocato

251 1421 530 1477 Maganeria,
577 1439 677 1468 cum
722 1442 865 1484 nuper
910 1444 1019 1474 crux
1064 1435 1301 1488 predicata
1344 1437 1518 1492 fuisset,
1565 1444 1721 1496 gentes
1765 1442 1873 1484 dicti

252 1493 392 1534 castri
429 1494 534 1537 fidei
572 1497 791 1541 catholice
829 1504 1089 1545 reverencia
1120 1509 1372 1550 retrorsum
1406 1510 1583 1553 abiecta
1613 1512 1792 1566 publice
1825 1527 1872 1556 se

249 1563 500 1607 truffabant
548 1568 692 1611 crucis
737 1570 1026 1627 privilegium
1070 1578 1416 1633 presumpcione
1461 1582 1720 1625 detestabili
1768 1597 1871 1626 con-

248 1635 544 1689 tempnentes.
636 1637 721 1682 Sed
771 1641 953 1686 virtutis
1009 1647 1277 1701 magnitudo
1330 1650 1478 1693 divine
1530 1653 1685 1696 volens
1739 1668 1871 1698 51111111

249 1704 478 1748 evidenter
509 1708 666 1751 ulcisci
688 1714 1011 1768 contemptum,
1045 1718 1201 1759 eadem
1234 1723 1364 1762 nocte
1396 1723 1520 1765 misit
1553 1724 1616 1766 eis
1639 1725 1870 1781 flagellum

249 1776 449 1820 cadentis
492 1778 700 1834 fulguris,
748 1796 835 1838 quo
887 1786 1114 1829 mediante
1165 1792 1312 1833 totum
1365 1796 1565 1836 castrum
1619 1801 1868 1840 crematum

246 1859 433 1900 prorsus
478 1850 672 1906 extitita)
707 1886 714 1894 .
751 1887 759 1894 .
796 1887 803 1895 .
839 1856 1046 1900 domibus
1089 1860 1364 1917 dumta[xat]
1399 1863 1601 1908 salvatis.
1665 1867 1867 1911 Paduani

248 1929 353 1958 vero
397 1921 594 1963 nondum
639 1923 886 1967 misserunt
931 1928 1147 1973 ducentos
1190 1933 1363 1987 equites
1407 1938 1450 1976 et
1492 1936 1718 1992 [ped]ites,
1754 1953 1866 1994 quos

247 1988 635 2035 ambaxiatoribus
675 1994 787 2037 meis
828 1998 1181 2054 promisserunt,
1223 2006 1273 2045 ut
1318 2005 1431 2048 alias
1473 2008 1602 2050 vobis
1641 2010 1864 2066 soripsiss)

245 2056 473 2114 Scriptum
514 2061 601 2105 fuit
645 2065 762 2107 enim
804 2068 942 2111 michi
979 2083 1062 2125 per
1095 2106 1103 2113 .
1139 2107 1147 2113 .
1184 2107 1192 2114 .
1228 2075 1488 2132 episcopum
1523 2080 1788 2123 Paduanum
1822 2085 1866 2124 et

244 2128 474 2173 dominum
507 2132 745 2178 Onufrium
778 2139 996 2182 decanum
1031 2142 1363 2199 Meldensem7),
1404 2161 1536 2203 quem
1569 2149 1676 2193 illuc
1698 2151 1864 2194 iterum

241 2199 468 2254 miseram,
515 2206 634 2258 quod
665 2206 826 2250 Veneti
869 2213 1118 2267 peccu[niis
1165 2219 1504 2275 corruperantP]
1548 2222 1770 2277 quosdam
1809 2225 1863 2266 de

241 2269 409 2324 Padua,
445 2273 563 2328 quie)
599 2308 607 2316 .
644 2310 652 2317 .
688 2311 695 2318 .
729 2292 819 2321 non
857 2281 1145 2327 obstantibus
1183 2288 1601 2334 machinacionibus
1642 2293 1861 2349 ipsorum,

241 2340 357 2383 sicut
397 2356 480 2398 pro
521 2345 652 2389 firmo
694 2351 840 2404 credo,
881 2354 1109 2408 promissa
1149 2370 1231 2412 per
1267 2358 1392 2414 ipsos
1426 2362 1680 2417 complebit.
1744 2366 1860 2408 Nam

239 2424 413 2455 exnunc
444 2416 702 2460 ordinatum
724 2419 886 2474 fuerat,
911 2425 1109 2479 qualiter
1129 2428 1305 2482 pedites
1327 2432 1607 2486 recederent3
1642 2448 1724 2490 ego
1752 2449 1859 2479 vero

238 2482 350 2525 bene
393 2485 549 2538 sciam,
599 2488 675 2543 qui
720 2495 826 2534 sunt
867 2496 1060 2549 predicti
1101 2499 1292 2543 rebelles
1332 2504 1376 2544 et
1415 2505 1606 2560 corupti,
1639 2505 1705 2547 ita
1738 2508 1859 2562 quod

236 2552 335 2597 loco
377 2557 421 2597 et
461 2559 664 2613 tempore
701 2560 884 2604 intendo
927 2567 1127 2610 recolere
1167 2583 1249 2612 nec
1286 2571 1399 2627 ipsis
1431 2587 1618 2629 parcam
1650 2576 1696 2618 in
1729 2578 1857 2633 penis

236 2624 400 2668 debitis
431 2626 700 2683 infligendis.
749 2632 831 2675 Ille
862 2636 1131 2682 maledictus
1158 2640 1340 2686 Friscus
1372 2645 1568 2699 spurius,
1604 2647 1682 2703 qui
1712 2662 1857 2705 nuper

234 2698 440 2739 mortuus
472 2697 559 2740 fuit
592 2703 635 2742 et
666 2701 713 2743 in
744 2702 983 2760 infernum,
1016 2712 1067 2750 ut
1088 2709 1239 2765 timeo,
1264 2714 1482 2769 sepultus,
1506 2718 1690 2760 tenebat
1714 2721 1855 2775 quod-

376 2779 405 2822 0)
430 2778 516 2813 Eine
542 2780 642 2815 halbe
668 2782 760 2817 Zeile
786 2784 884 2820 fehlt.

374 2896 401 2940 ⁵)
427 2896 535 2932 Leute
560 2899 625 2933 mit
649 2899 762 2935 61116111
786 2913 958 2946 1113110116,
985 2905 1114 2950 Hacke,
1140 2908 1310 2946 Pioniere.

375 2954 401 2999 ⁶)
427 2956 469 2990 In
495 2956 609 2991 einem
635 2959 806 2994 friiheren
831 2961 930 2996 nicht
954 2964 1203 3002 vorhandenen
1230 2969 1430 3007 Schreiben.

373 3012 398 3058 ⁷)
424 3014 529 3049 Einer
554 3017 616 3050 der
641 3017 764 3053 beiden
789 3020 955 3056 Nuntien.
