2296 3512
1100 286 1418 326 —722—

453 416 505 457 de
555 414 674 456 dicta
725 414 903 465 iniuria,
957 413 1128 456 scilicet
1183 414 1237 456 de
1286 413 1398 455 locis
1454 411 1678 465 Calabrie,
1731 414 1784 454 de
1836 425 1925 467 qua
1980 424 2068 453 non

453 485 818 540 compromiteret
886 485 932 526 in
994 497 1155 538 papam
1222 498 1301 526 nec
1362 484 1408 525 in
1460 497 1611 538 regem
1664 485 1920 539 Aragonie,
2001 486 2069 525 set

452 556 597 599 solum
650 556 694 597 in
751 569 833 598 nos
893 559 990 597 erat
1047 558 1236 609 paratus
1293 554 1637 608 compromitere
1690 558 1734 595 et
1787 554 1970 596 firmare
2023 553 2068 594 in

450 626 534 668 hoc
587 639 694 668 casu
746 629 1006 681 treuguam,
1059 626 1302 667 secundum
1361 626 1479 680 quod
1538 624 1691 679 aliqua
1741 624 1837 666 vice
1890 637 2068 665 conces-

453 701 584 738 serat.
650 697 706 738 Et
744 696 881 747 ratio,
925 709 1065 751 quare
1097 696 1279 738 nolebat
1310 696 1356 737 in
1383 709 1550 751 papam
1584 695 1928 750 conpromitere,
1971 698 2070 735 erat

451 768 544 818 hec,
580 767 699 821 quia,
733 780 833 809 cum
866 767 1052 809 haberet
1086 780 1185 808 eum
1219 780 1271 808 ex
1302 770 1434 822 parte
1461 779 1555 817 sua,
1588 765 1772 807 nolebat
1798 779 1896 807 eum
1920 764 2069 805 facere

451 841 746 879 tractatorem
778 851 859 879 nec
880 837 1190 887 mediatorem,
1223 851 1305 878 nec
1321 837 1584 878 intendebat
1601 849 1797 892 unquam
1819 836 1909 877 alia
1934 836 2070 877 verba

451 921 705 964 proponere
737 908 917 950 domino
949 922 1066 963 pape
1098 908 1205 950 nisi:
1239 907 1443 959 Vindica,
1478 907 1670 953 domine,
1702 907 1916 948 iniuriam
1942 909 2069 947 tuam

453 982 495 1020 et
530 979 782 1034 aprehende
816 992 944 1020 arma
977 983 1019 1020 et
1052 982 1227 1020 scutum
1262 982 1305 1019 et
1338 991 1528 1032 exsurge
1551 978 1595 1018 iu
1620 977 1894 1019 adiutorium
1917 976 2068 1029 michi,

451 1049 557 1105 quia
591 1049 852 1092 dormiendo
885 1050 967 1092 sub
1003 1051 1098 1091 alas
1131 1053 1233 1091 tuas
1268 1052 1335 1091 est
1366 1048 1489 1090 facta
1521 1048 1657 1089 michi
1689 1047 1779 1090 ista
1810 1047 1989 1099 iniuria,
2025 1050 2068 1089 et

451 1120 566 1173 ideo,
599 1121 790 1172 domine,
825 1121 989 1162 adiuva
1021 1120 1109 1161 me!
1144 1119 1360 1161 Rationes
1391 1122 1580 1174 propter
1612 1131 1724 1173 quas
1756 1118 1941 1160 nolebat
1967 1131 2070 1160 con-

451 1191 697 1247 promitere
729 1191 774 1232 in
807 1204 958 1246 regem
992 1189 1222 1245 Aragonie
1255 1193 1384 1231 erant
1414 1189 1523 1231 iste:
1560 1202 1660 1239 una,
1695 1188 1800 1243 quia
1833 1188 2069 1243 negocium

452 1262 639 1303 haberet
670 1275 884 1316 magnum
917 1263 1124 1303 tractum.
1174 1260 1280 1302 Alia
1307 1259 1414 1314 quia
1437 1260 1533 1314 ipse
1556 1273 1645 1301 non
1666 1259 1931 1301 intendebat
1952 1273 2070 1315 pape

452 1345 533 1374 nec
564 1333 661 1388 regi
694 1332 921 1387 Aragonie
954 1345 1033 1373 nec
1067 1331 1200 1372 alicui
1243 1330 1375 1372 alteri
1407 1343 1597 1385 persone
1630 1331 1737 1371 dare
1769 1343 1902 1385 posse
1935 1344 2071 1386 super

451 1402 572 1445 facto
618 1403 670 1444 de
705 1402 859 1445 Sicilia
902 1416 982 1444 nec
1028 1415 1163 1457 super
1206 1401 1404 1457 longiori
1448 1406 1641 1455 treugua
1685 1400 1774 1442 nisi
1813 1402 1865 1442 de
1899 1401 2069 1443 Marcio

451 1474 599 1528 primo
632 1476 821 1515 venturo
854 1486 995 1528 usque
1029 1473 1085 1514 ad
1117 1486 1255 1514 unum
1289 1485 1468 1513 annum.
1524 1472 1582 1513 Et
1615 1471 1679 1514 310
1713 1473 1917 1523 timebat,
1951 1473 2071 1528 quod

452 1557 531 1585 rex
567 1544 792 1599 Aragonie
837 1543 971 1585 vellet
1016 1544 1256 1585 extendere
1297 1556 1482 1584 manum
1516 1546 1594 1585 aut
1638 1544 1764 1598 plus,
1810 1543 1980 1586 scilicet
2014 1544 2071 1585 ad

451 1614 622 1656 factum
655 1616 707 1656 de
742 1614 895 1656 Sicilia
929 1615 995 1656 vel
1032 1615 1088 1656 ad
1121 1614 1375 1656 faciendum
1410 1614 1661 1669 longiorem
1694 1618 1949 1670 treuguam.
2013 1614 2071 1656 Et

453 1685 491 1728 si
523 1685 619 1740 ipse
652 1698 739 1727 non
774 1685 1049 1727 consentiret
1083 1685 1122 1726 ei
1154 1685 1282 1727 iuxta
1306 1698 1436 1726 31111111
1461 1685 1804 1740 beneplacitum,
1838 1688 2073 1741 reputaret

453 1770 499 1799 se
544 1756 834 1799 inonoratum
880 1761 923 1797 et
967 1755 1199 1799 offensum.
1272 1756 1329 1797 Et
1369 1755 1526 1798 forsan
1571 1770 1671 1797 cum
1711 1757 1844 1798 modo
1879 1756 1939 1798 sit
1972 1769 2071 1810 ger-

451 1840 612 1869 manus
661 1827 923 1879 communis,
973 1833 1091 1870 esset
1137 1830 1296 1882 postea
1342 1840 1425 1882 pro
1474 1826 1564 1868 alia
1616 1831 1758 1882 parte.
1837 1827 2071 1878 Raciones,

453 1902 639 1954 propter
671 1912 783 1953 quas
816 1899 996 1940 volebat
1029 1898 1360 1953 conpromitere
1392 1897 1436 1939 in
1472 1911 1554 1940 nos
1591 1897 1738 1952 magis
1773 1911 1908 1952 quam
1930 1898 1976 1939 in
1999 1911 2072 1939 su-

452 1969 697 2025 pradictos,
731 1973 836 2011 sunt
857 1969 955 2011 hec:
991 1969 1096 2024 quia
1128 1969 1364 2024 negocium
1387 1969 1575 2011 haberet
1597 1969 1848 2011 breviorem
1874 1972 2072 2010 tractum

455 2044 497 2082 et
545 2040 650 2096 (11113
696 2042 938 2096 reputabat
985 2054 1066 2084 nos
1114 2040 1319 2082 sufficere
1372 2040 1429 2081 ad
1476 2040 1867 2081 determinandum
1901 2040 2069 2081 dictam

456 2111 748 2167 questionem.
796 2111 856 2153 Et
890 2112 1008 2166 quod
1040 2125 1129 2153 non
1162 2123 1398 2166 possemus
1433 2111 1673 2152 extendere
1705 2124 1868 2153 manus
1892 2111 1949 2152 ad
1970 2110 2072 2166 plus

452 2196 534 2224 nec
577 2182 858 2224 intromitere
904 2195 985 2224 nos
1031 2183 1084 2224 de
1128 2182 1441 2237 prolongando
1488 2184 1690 2237 tempore
1738 2185 1919 2236 treuge,
1982 2181 2072 2224 nisi

456 2257 673 2307 quantum
706 2253 751 2294 in
783 2253 984 2308 presenti
1017 2256 1135 2295 esset
1161 2253 1497 2295 concordatum.

595 2347 651 2388 Et
693 2347 749 2388 ad
791 2346 1054 2401 supradicta
1095 2346 1354 2401 repellenda
1394 2345 1578 2388 fuerunt
1618 2359 1699 2401 per
1740 2358 1822 2388 nos
1855 2345 2073 2401 replicate

454 2417 594 2459 multe
633 2417 836 2459 raciones
868 2417 984 2460 iuste
1018 2420 1061 2459 et
1093 2415 1366 2459 sufficientes
1405 2417 1648 2459 secundum
1682 2417 1834 2458 videre
1865 2420 2072 2458 nostrum

457 2490 499 2530 et
541 2488 648 2529 dicti
689 2488 846 2530 fratris
878 2488 1053 2540 Poncii,
1097 2488 1173 2542 qui
1214 2501 1400 2543 presens
1443 2491 1552 2529 erat.
1617 2486 1740 2539 Quas
1782 2486 1905 2529 nullo
1938 2487 2071 2528 modo

455 2559 654 2614 recipere
677 2558 832 2601 voluit.
880 2559 977 2601 Imo
999 2558 1197 2599 finaliter
1219 2558 1480 2613 replicando
1504 2558 1617 2600 dixit
1635 2557 1827 2600 multum
1848 2570 2071 2613 expresse,

457 2630 576 2685 quod
609 2642 689 2671 nos
723 2633 767 2670 et
798 2633 920 2671 totus
953 2629 1146 2670 mundus
1179 2629 1448 2671 haberemus
1482 2642 1581 2671 eum
1608 2642 1690 2684 pro
1714 2642 1819 2683 rege
1841 2628 2070 2679 mendoso,

456 2699 495 2742 si
534 2700 631 2755 ipse
674 2701 729 2742 ad
771 2699 1043 2741 instanciam
1084 2712 1201 2754 pape
1242 2699 1311 2740 vel
1355 2699 1544 2741 alicuius
1584 2698 1780 2741 hominis
1821 2700 1874 2740 de
1905 2699 2071 2740 mundo

457 2770 730 2812 consentiret
761 2770 804 2811 in
841 2769 994 2825 aliqua
1024 2774 1185 2824 tregua
1217 2769 1287 2811 vel
1320 2770 1573 2821 concordia,
1607 2782 1840 2824 quousque
1875 2769 1926 2810 de
1957 2768 2072 2810 iniu-

455 2841 524 2882 ria
556 2841 758 2883 locorum
791 2841 844 2882 de
876 2839 1087 2883 Calabria
1120 2853 1200 2895 per
1232 2841 1541 2896 supradictam
1566 2840 1687 2881 viam
1711 2843 1830 2882 esset
1852 2839 1938 2882 sibi
1960 2839 2072 2881 satis

457 2912 639 2962 factum,
674 2911 780 2965 quia
811 2924 900 2952 non
931 2910 1029 2952 vult
1061 2911 1169 2952 dare
1201 2912 1402 2966 requiem
1434 2911 1615 2953 inimico
1643 2923 1737 2953 suo.
1790 2909 1917 2951 Dixit
1941 2910 2072 2961 enim,

459 2982 576 3037 quod
611 2980 764 3023 Sicilia
797 2984 865 3023 est
895 2981 961 3022 ita
994 2981 1249 3033 abundans,
1284 2983 1426 3037 quod,
1469 2982 1506 3023 si
1539 2982 1689 3023 decem
1724 2981 1853 3022 annis
1885 2981 2074 3022 haberet

456 3065 668 3108 guerram
702 3053 745 3093 et
776 3054 936 3107 postea
968 3052 1155 3094 haberet
1186 3065 1274 3093 uno
1309 3065 1424 3093 anno
1458 3052 1675 3107 quietem,
1710 3054 1855 3093 totum
1889 3050 2071 3092 oblivis-
