2296 3512
1130 253 1445 293 —598-

479 379 550 421 die
590 378 670 421 illa
710 378 810 421 fieri
854 379 1046 421 debebat
1086 393 1237 422 coram
1271 379 1403 422 dictis
1437 379 1743 423 cardinalibus
1775 381 1821 422 in
1854 382 1987 423 domo
2021 381 2097 422 do-

477 450 588 492 mini
611 449 846 492 Gaucelini
866 449 1087 492 Johannis
1118 450 1393 505 prolongata
1425 449 1510 491 fuit
1542 450 1588 491 in
1621 450 1737 492 diem
1771 454 2031 507 sequentem
2055 454 2100 493 et

479 521 537 562 ad
570 521 751 562 domum
785 519 954 562 domini
985 520 1106 576 regis
1139 521 1338 573 Roberti,
1372 521 1450 562 ubi
1481 520 1527 562 in
1554 520 1625 562 die
1649 521 1882 577 assignata
1904 524 2099 577 utraque

478 593 608 647 parte
648 604 801 633 coram
832 590 1010 646 prefato
1045 591 1226 633 domino
1258 604 1365 645 rege
1398 594 1441 632 et
1474 590 1606 633 dictis
1639 592 1946 635 cardinalibus
1980 606 2098 634 com-

476 663 666 717 parente
688 661 921 716 pecierunt
943 660 1111 716 prefati
1143 661 1396 704 comissarii
1430 675 1456 703 a
1486 662 1709 717 partibus,
1742 666 1792 705 ut
1825 665 2099 719 exponerent

476 733 785 787 proponenda,
819 732 897 773 ubi
930 731 1256 774 altercantibus
1291 731 1623 787 aliquantulum
1647 732 1766 775 inter
1797 747 1843 776 se
1876 733 2098 789 partibus,

477 802 578 857 quis
620 803 768 858 primo
811 803 997 856 diceret,
1038 803 1237 845 finaliter
1268 802 1611 858 prenominatus
1645 803 1851 846 dominus
1894 804 2098 860 Angelus

478 873 710 916 curialiter
743 876 786 915 et
816 874 1063 929 prudenter
1087 887 1170 929 pro
1193 875 1324 929 parte
1350 873 1707 916 extrinsecorum
1729 875 1968 930 proposuit
1989 875 2097 916 tria:

477 944 707 997 videlicet,
747 945 867 999 quod
908 944 996 1000 ipsi
1036 945 1253 1000 petebant
1284 944 1464 987 restitui
1498 945 1554 986 ad
1588 944 1788 999 graciam
1823 945 1930 987 dicti
1962 946 2098 1001 regis,

476 1015 522 1057 in
564 1028 651 1070 quo
695 1018 854 1057 notare
894 1015 1109 1070 potestis,
1153 1015 1378 1070 quomodo
1413 1014 1645 1056 curialiter
1686 1028 1786 1057 eum
1834 1016 2100 1058 excludebat

477 1090 697 1141 tanquam
743 1088 934 1141 partem.
1003 1086 1119 1127 Item
1166 1085 1383 1140 petebant
1435 1086 1494 1127 ad
1527 1085 1757 1127 civitatem
1790 1085 2011 1141 ipsorum,
2046 1087 2099 1128 de

477 1170 567 1212 qua
610 1156 738 1198 eiecti
771 1158 913 1208 erant,
947 1156 1114 1198 reduci.
1177 1157 1292 1198 Item
1326 1157 1447 1211 quod
1479 1156 1597 1197 bona
1630 1169 1799 1209 eorum,
1834 1157 1971 1198 etiam
2003 1157 2099 1212 qui-

477 1229 561 1270 bus
594 1230 699 1270 sunt
732 1227 969 1283 expoliati,
1011 1227 1313 1270 restituantur
1346 1227 1514 1269 eisdem
1547 1226 1786 1270 offerentes
1821 1261 1828 1268 .
1863 1261 1872 1268 .
1908 1261 1916 1268 .
1951 1231 2100 1270 caute-

476 1298 569 1339 lam
602 1299 709 1340 dare
742 1312 824 1354 pro
858 1311 968 1353 pace
995 1298 1232 1340 servanda.
1295 1298 1368 1340 Ad
1391 1298 1511 1353 quod
1533 1297 1620 1339 fuit
1645 1311 1728 1353 pro
1751 1298 2100 1341 intrinsecorum

476 1372 606 1424 parte
645 1382 927 1424 responsum,
967 1369 1088 1424 quod
1125 1381 1208 1424 pro
1249 1368 1493 1411 securitate
1531 1369 1760 1423 petebant,
1806 1369 1927 1424 quod
1960 1369 2101 1411 domi-

476 1440 600 1482 nium
634 1440 832 1482 civitatis
858 1440 1003 1481 Janue
1030 1440 1217 1481 daretur
1242 1439 1340 1494 regi
1361 1452 1444 1495 pro
1471 1440 1513 1481 X
1539 1439 1681 1482 annis.
1707 1473 1714 1480 .
1741 1473 1749 1480 .
1776 1473 1783 1480 .
1808 1439 1927 1481 Huic
1950 1442 2101 1482 autem

476 1511 690 1567 peticioni
724 1545 731 1552 .
759 1545 801 1552 ..
836 1511 1038 1566 Angelus
1074 1545 1081 1552 .
1112 1544 1119 1552 .
1153 1544 1162 1552 .
1197 1510 1378 1553 caucius
1433 1513 1476 1552 et
1519 1510 1792 1565 prudencius
1844 1511 2100 1566 respondit,

476 1583 619 1637 quod,
654 1582 692 1624 si
724 1582 812 1638 ipsi
843 1582 1078 1623 intrinseci
1115 1581 1401 1623 intenderent
1439 1584 1659 1637 quantum
1700 1582 1756 1623 ad
1785 1581 1903 1623 hunc
1937 1581 2101 1623 articu-

476 1653 570 1695 lum
593 1656 715 1696 stare
742 1653 789 1695 in
812 1652 1062 1708 propositis
1084 1651 1264 1705 finibus,
1299 1653 1456 1695 statim
1480 1654 1578 1694 erat
1598 1653 1872 1708 respondere
1898 1655 2100 1708 paratus.

477 1723 567 1776 Qui
610 1725 955 1780 responderunt,
1002 1724 1121 1778 quod
1166 1736 1255 1765 non
1292 1723 1588 1765 intendebant
1621 1757 1629 1765 .
1662 1757 1704 1764 ..
1739 1736 1786 1765 se
1833 1723 2100 1778 astringere,

477 1795 586 1850 quin
616 1798 804 1850 possent
837 1795 973 1836 etiam
1004 1794 1073 1836 illi
1100 1794 1291 1836 articulo
1327 1794 1505 1847 addere,
1539 1794 1578 1836 si
1611 1807 1701 1849 qua
1732 1793 1879 1836 vellet.
1954 1794 2012 1836 Et
2045 1794 2101 1836 ad

476 1866 561 1908 hoc
599 1866 835 1922 respondit
879 1864 1085 1921 prefatus
1128 1865 1351 1919 Angelus,
1387 1899 1429 1906 ..
1461 1899 1468 1906 .
1504 1865 1624 1920 quod
1669 1864 1826 1908 statim
1870 1865 2100 1916 adderent,

478 1937 516 1978 si
548 1950 637 1992 qua
670 1936 836 1979 vellent
870 1971 878 1978 .
905 1970 913 1978 .
944 1970 952 1978 .
986 1937 1115 1979 Alias
1147 1936 1211 1978 nil
1248 1936 1512 1978 intendebat
1554 1936 1714 1988 dicere,
1758 1935 1846 1978 nisi
1888 1938 2006 1978 esset
2048 1949 2102 1977 ex

478 2010 573 2049 toto
619 2007 765 2051 dictus
804 2007 1023 2050 articulus
1063 2007 1333 2050 declaratus.
1405 2005 1488 2049 Cui
1532 2020 1647 2049 unus
1697 2007 1901 2062 ipsorum
1948 2006 2101 2048 amba-

478 2078 705 2121 xiatorum
770 2079 1121 2121 intrinsecorum
1188 2079 1369 2120 incaute
1440 2078 1717 2133 respondens
1781 2077 1916 2129 dixit,
1981 2077 2102 2132 quod

477 2150 561 2191 hoc
604 2163 695 2191 non
751 2152 964 2205 poterant
1015 2148 1178 2201 facere,
1237 2163 1336 2191 cum
1389 2149 1474 2191 hoc
1526 2161 1680 2190 omnes
1735 2148 1984 2200 iurassent,
2036 2147 2101 2189 nil

478 2220 671 2275 amplius
719 2221 888 2273 dicere,
937 2233 1171 2276 quousque
1218 2220 1341 2262 istud
1389 2222 1507 2262 esset
1555 2232 1830 2262 concessum.
1903 2217 1993 2270 Qui
2042 2219 2096 2260 de

478 2291 562 2332 hoc
592 2290 679 2333 fuit
711 2304 737 2332 a
769 2292 862 2334 suis
897 2291 1082 2347 collegis
1115 2291 1317 2345 graviter
1346 2291 1660 2345 reprehensus.
1713 2290 1837 2331 Tunc
1867 2288 2101 2345 respondit

477 2375 557 2403 rex
588 2375 671 2418 pro
707 2362 768 2405 eis
796 2362 961 2415 dicens,
996 2363 1116 2417 quod
1144 2362 1448 2404 deliberarent
1470 2361 1693 2403 maturius
1717 2364 1761 2403 et
1783 2361 1830 2402 in
1852 2360 2100 2403 crastinum

480 2433 636 2474 eadem
667 2432 780 2474 hora
813 2446 1075 2489 comparere
1102 2435 1325 2475 curarent.
1390 2431 1493 2484 Qua
1525 2432 1595 2474 die
1629 2465 1637 2472 .
1664 2466 1672 2473 .
1699 2466 1707 2473 .
1741 2431 1974 2487 pecierunt
2006 2444 2099 2473 res-

478 2516 670 2559 ponsum
723 2504 964 2547 extrinseci
1017 2517 1155 2559 super
1206 2505 1373 2559 puncto
1425 2502 1661 2558 premisso.
1739 2501 1828 2554 Qui
1876 2502 2099 2553 dixerunt,

480 2574 599 2629 quod
630 2573 755 2616 nulla
786 2575 967 2616 racione
999 2575 1295 2616 intendebant
1326 2587 1374 2617 se
1405 2574 1597 2616 ulterius
1630 2573 1820 2629 aperire,
1853 2572 1943 2615 nisi
1973 2572 2100 2627 prius

481 2647 598 2687 esset
745 2644 962 2687 articulus
1009 2646 1063 2687 de
1104 2645 1225 2701 regis
1272 2644 1470 2687 dominio
1505 2646 1779 2700 acceptatus.
1843 2642 2100 2685 Extrinseci

479 2728 585 2757 vero
627 2717 753 2758 stant
793 2715 838 2757 in
880 2716 1027 2770 primo
1059 2715 1296 2772 proposito
1440 2714 1617 2767 Quibus
1661 2715 1806 2757 dictus
1850 2727 1929 2756 rex
1970 2713 2097 2765 dixit,

479 2786 600 2841 quod
630 2785 719 2841 ipsi
750 2786 796 2827 in
822 2786 905 2828 hoc
939 2799 1046 2829 casu
1067 2787 1284 2842 petebant
1314 2786 1547 2829 iniustum.
1612 2784 1695 2828 Cui
1727 2785 1873 2827 dictus
1896 2784 2098 2839 Angelus

479 2856 715 2912 respondit
760 2856 978 2909 viriliter,
1027 2858 1148 2911 quod
1194 2870 1284 2899 non
1332 2860 1430 2898 erat
1475 2857 1560 2899 hoc
1600 2855 1776 2911 regium
1817 2855 1864 2896 in
1894 2868 1984 2897 uno
2016 2853 2100 2896 tali

478 2927 665 2983 negocio
708 2926 953 2981 interloqui
996 2927 1061 2969 sic
1105 2930 1336 2983 prorupte.
1400 2927 1460 2969 Et
1491 2940 1607 2969 unus
1640 2939 1694 2967 ex
1726 2925 1859 2968 dictis
1893 2925 2098 2967 cardina-

620 3032 650 3075 b)
675 3031 964 3066 Montefaciencio
992 3031 1049 3065 Or.
