2296 3512
929 242 1248 283 —937—

277 369 420 411 amico
453 372 609 412 nostro
648 369 798 412 infans
834 369 1030 424 [Petrus]
1067 372 1148 411 etc.
1189 370 1383 412 salutem
1418 372 1460 411 et
1491 371 1793 412 reverentiam
1826 372 1900 413 de-

276 439 417 480 bitam
466 453 565 481 cum
612 440 795 481 honore.
874 437 987 481 Cum
1034 439 1180 482 fidelis
1231 440 1432 483 medicus
1480 444 1635 483 noster
1680 441 1900 496 magister

274 510 534 552 Bernardus
565 510 817 552 incoaverit
850 511 1078 565 quoddam
1112 511 1263 566 o[pus]
1298 525 1380 566 per
1402 525 1496 563 vos,
1529 514 1580 553 ut
1603 511 1779 564 asserit,
1813 512 1900 555 sibi

275 579 480 635 graciose
513 581 729 622 collatum
763 583 806 623 et
839 580 993 635 aliqua
1026 580 1164 623 dubia
1197 581 1318 622 circa
1341 594 1454 636 opus
1476 582 1625 637 ipsum
1651 585 1898 638 emergant,

275 663 410 705 super
444 650 606 705 quibus
634 664 660 692 a
691 651 967 706 paternitate
990 654 1144 692 vestra
1166 651 1422 694 necessario
1449 652 1620 708 exhigit
1640 652 1897 695 informari:

272 720 441 762 idcirco
475 722 661 762 eandem
698 721 1021 776 paternitatem
1050 720 1292 764 affectuose
1325 722 1530 764 ducimus
1554 724 1898 778 deprecandam,

275 793 497 846 quatenus
542 792 731 832 eundem
776 791 999 833 medicum
1043 794 1250 834 nostrum
1296 792 1478 847 [circaP]
1519 793 1656 835 dubia
1694 794 1899 849 predicta
1946 797 1954 803 “

272 874 353 903 nec
385 861 533 904 minus
561 863 618 903 ad
642 862 795 903 album
818 862 889 904 vel
911 863 1100 904 rubeum
1113 863 1148 916 1)
1174 862 1369 918 aliquem
1392 866 1610 918 punctum
1633 864 1720 906 sibi
1742 864 1899 906 utilem

274 937 317 974 et
339 931 644 974 necessarium
668 932 789 974 circa
818 933 865 974 id
893 935 1047 975 vestra
1068 933 1273 975 bonitate
1297 933 1432 976 solita
1455 934 1689 989 nostrique
1712 935 1897 978 honoris

272 1002 440 1044 intuitu
479 1002 726 1058 dignemini
766 1003 1014 1045 informare
1048 1006 1092 1045 et
1124 1018 1260 1059 super
1292 1004 1479 1059 negocio
1513 1018 1593 1047 suo
1626 1005 1898 1058 huiusmodi,

273 1074 393 1128 quod
424 1076 632 1116 nostrum
664 1074 815 1117 verius
849 1077 1128 1129 reputamus,
1165 1075 1431 1130 ampliorem
1463 1075 1666 1130 graciam
1700 1076 1896 1131 elargiri.

272 1143 497 1199 Dignetur
528 1144 713 1199 insuper
734 1145 989 1200 paternitas
1012 1148 1167 1188 vestra
1188 1145 1409 1188 relatibus
1433 1146 1543 1188 dicti
1565 1146 1728 1188 medici
1751 1147 1897 1189 nostri

272 1227 408 1269 Super
441 1227 491 1256 eo
525 1214 642 1256 sicut
673 1215 804 1257 nobis
834 1214 970 1257 fidem
994 1215 1225 1257 credulam
1250 1215 1464 1258 adhibere
1487 1215 1654 1269 taliter,
1689 1216 1728 1258 si
1749 1220 1898 1258 vestre

270 1284 539 1340 paternitati
582 1285 856 1340 placuerint,
903 1286 1024 1327 circa
1069 1286 1238 1328 dictum
1283 1286 1520 1341 negocium
1564 1300 1644 1329 vos
1676 1287 1897 1339 habendo,

272 1356 392 1410 quod
442 1358 625 1398 nostras
680 1355 941 1398 huiusmodi
994 1356 1253 1412 primitivas
1306 1370 1464 1412 preces
1517 1371 1655 1413 penes
1709 1359 1897 1400 eandem

270 1425 593 1482 paternitatem
627 1440 758 1469 suum
792 1429 999 1483 optatum
1034 1430 1371 1483 consequantur
1405 1428 1611 1470 effectum
1638 1463 1646 1470 .
1677 1463 1684 1470 .
1721 1462 1728 1470 .
1793 1429 1896 1470 Dat.

270 1496 447 1539 Daroce
481 1497 600 1539 VIII.
634 1497 853 1540 kalendas
885 1498 1011 1539 -Junii
1045 1511 1161 1541 anno
1195 1498 1367 1540 domini
1399 1497 1704 1542 MOOCXXX.

410 1578 494 1622 Reg.
521 1578 703 1613 Secretum
729 1579 789 1613 des
803 1579 979 1621 Infanten,
1006 1581 1168 1623 spateren
1185 1579 1314 1624 Konigs
1328 1579 1440 1615 Pedro
1467 1581 1550 1623 (von
1578 1580 1669 1616 1330
1693 1582 1750 1625 an)
1769 1582 1804 1615 in
1830 1581 1896 1615 den

269 1637 440 1681 Papieren
464 1637 602 1672 Salazar
618 1639 659 1672 A.
686 1639 706 1673 3
733 1638 768 1671 in
787 1638 849 1673 der
866 1637 1064 1673 Bibliothek
1090 1638 1153 1673 der
1170 1639 1359 1673 Akademie
1386 1639 1448 1673 der
1466 1639 1676 1674 Geschichte
1695 1640 1730 1674 in
1749 1640 1897 1677 Maeli-id.

735 2049 1013 2131 Anhang
1056 2072 1136 2113 zu
1182 2051 1244 2116 S.
1289 2051 1443 2114 420.

271 2180 398 2221 275a.
436 2178 855 2235 Augustinerprior
886 2182 1079 2224 Konrad
1116 2182 1166 2224 in
1197 2182 1425 2224 Mi'mehen
1456 2182 1550 2224 und
1582 2182 1894 2224 Karthauser-

267 2250 402 2304 prior
423 2248 665 2292 Gottfried
696 2262 785 2294 von
807 2251 1257 2307 Allerheiligenthal
1288 2252 1535 2295 bekunden
1561 2252 1636 2295 die
1658 2253 1896 2307 Einigung

465 2321 693 2363 zwischen
724 2321 919 2376 Ludwig
951 2322 994 2365 (1.
1026 2323 1081 2365 Β.
1113 2323 1208 2365 und
1240 2323 1487 2366 Friedrich
1519 2323 1563 2365 d.
1597 2322 1702 2367 Sch.

268 2390 516 2439 Friedrich
549 2390 593 2433 d.
626 2388 729 2434 Sch.
773 2393 977 2447 erkl‘art,
1026 2393 1131 2436 dass
1179 2405 1231 2436 er
1274 2393 1360 2436 fiir
1404 2394 1492 2436 den
1535 2394 1639 2436 Fall
1682 2393 1766 2436 der
1807 2395 1895 2437 Ab·

268 2462 522 2504 wesenheit
555 2461 669 2504 oder
701 2462 781 2505 des
803 2463 951 2506 'Pedes
974 2464 1192 2518 Ludwigs
1215 2464 1258 2506 d.
1275 2465 1330 2507 B.
1352 2465 1486 2507 tutor
1517 2465 1674 2507 seiner
1695 2465 1896 2507 Familie

267 2531 362 2573 und
406 2533 558 2574 seines
597 2532 777 2576 Laudes
822 2534 922 2576 sein
965 2535 1079 2577 will.
1141 2535 1369 2578 Miinehen
1404 2534 1516 2577 1325
1549 2534 1821 2589 September
1854 2535 1892 2578 1.

609 2602 985 2647 Protestationes
1018 2604 1104 2647 der
1134 2605 1302 2648 beiden
1332 2605 1550 2648 Fiirsten.

408 2683 462 2724 In
495 2683 580 2725 Dei
611 2684 792 2726 nomine
825 2698 968 2728 amen.
1017 2688 1111 2730 Nos
1144 2700 1227 2743 ego
1263 2686 1403 2729 frater
1429 2685 1735 2742 Conrardusa)
1768 2687 1895 2743 prior

267 2754 314 2796 in
336 2754 559 2797 Monacho
592 2754 764 2798 ordinis
788 2756 935 2798 sancti
955 2758 1204 2813 Augustini
1226 2758 1565 2800 Heremitarum
1587 2757 1800 2814 indignus
1819 2758 1893 2812 (Ρ),

269 2824 501 2867 confessor
532 2825 697 2868 nobilis
731 2829 775 2868 et
808 2826 996 2869 altenati
1028 2828 1248 2884 principis
1278 2828 1400 2884 regis
1433 2827 1651 2870 Ludovici
1673 2829 1726 2870 de
1749 2828 1894 2870 Roma

319 2905 396 2933 ‘2753
408 2907 438 2950 a)
463 2905 518 2941 So.

320 3011 374 3038 609
410 3011 435 3056 l)
461 3011 547 3046 Was
573 3012 738 3047 bedeutet
764 3013 848 3048 das?
