2296 3512
881 250 1195 289 —549—

229 377 503 419 exsolvimus
531 375 748 417 acciones.
804 374 934 427 Sane,
963 376 1246 418 sanctissime
1270 380 1412 431 pater,
1446 390 1526 432 per
1549 377 1643 419 dies
1668 376 1844 431 aliquos

229 450 330 489 ante
365 446 472 487 dicti
504 445 669 487 Vitalis
704 446 945 486 adventum
978 445 1232 500 solempnes
1256 447 1592 489 ambaxiatores
1625 450 1669 488 et
1694 447 1846 489 nuncii

226 517 381 560 Pisani
423 516 672 558 communis
716 517 772 557 ad
813 529 895 558 nos
943 521 1174 567 venerant,
1215 530 1350 571 super
1395 518 1603 560 tractatis
1646 518 1845 570 negociis

227 586 453 639 destinati,
489 600 515 628 a
547 586 676 628 nobis
709 586 967 641 specialiter
998 586 1295 641 postulantes,
1330 591 1379 628 ut
1412 588 1465 629 de
1495 601 1558 639 eo,
1594 589 1713 643 quod
1746 602 1845 643 pre-

227 657 422 713 scriptus
467 657 631 699 Vitalis
695 671 830 712 super
890 656 1010 699 facto
1057 660 1282 699 tractatus
1339 658 1599 700 d‹1›nacionis
1648 659 1846 702 civitatis

224 728 388 771 Pisane
429 728 633 770 habende
679 741 703 769 a
747 728 877 770 nobis
919 729 973 769 ab
1017 727 1267 782 apostolica
1311 727 1553 770 clemencia
1585 729 1844 772 obtinuerat

225 801 268 841 et
303 800 356 841 de
388 799 611 854 rescripto
645 798 910 853 apostolico,
944 798 981 839 si
1010 799 1130 853 quod
1161 798 1264 840 inde
1297 798 1467 839 factum
1500 798 1660 851 fuerat,
1697 803 1844 842 certos

224 868 476 911 faceremus
511 870 705 911 eosdem.
768 870 861 911 Nos
886 872 1036 911 autem
1071 870 1132 911 eis
1159 869 1489 924 respondimus,
1524 871 1641 924 quod
1677 884 1701 912 a
1725 871 1844 914 dicto

223 939 363 982 Vitali
412 943 583 982 certum
638 953 952 995 receperamus
1000 939 1222 992 arditum,
1270 942 1469 981 vestram
1517 940 1843 983 beatitudinem

224 1011 291 1052 rei
338 1011 441 1052 huic
490 1011 743 1053 benivolum
793 1014 835 1052 et
876 1010 1033 1052 utilem
1076 1010 1331 1065 prestitisse
1365 1023 1612 1062 assensum,
1658 1012 1710 1052 de
1759 1026 1845 1066 quo

226 1082 518 1124 credebamus
560 1081 780 1134 sufficere,
821 1085 863 1123 et
895 1094 978 1123 nos
1012 1081 1275 1123 tenebamus
1309 1081 1499 1123 assimili
1541 1084 1844 1133 conteutatos3

225 1155 293 1194 set
314 1166 403 1194 non
427 1153 560 1194 aliter
587 1152 887 1208 apostolicum
914 1153 1127 1195 habuisse
1149 1152 1434 1207 rescriptum.
1480 1152 1666 1194 Interim
1695 1156 1845 1194 autem

224 1223 430 1265 veniente
463 1223 583 1265 dicto
616 1223 771 1276 Vitali,
806 1223 996 1266 scientes
1025 1224 1361 1265 ambaxiatores
1384 1223 1564 1279 prefati,
1597 1236 1678 1265 nos
1713 1237 1848 1279 super

224 1307 410 1336 assensu
443 1297 595 1337 vestro
628 1294 899 1349 rescriptum
941 1294 1240 1349 apostolicum
1274 1307 1363 1335 non
1393 1295 1572 1345 habere,
1606 1294 1710 1336 licet
1734 1294 1847 1336 alias

224 1365 277 1406 de
311 1365 414 1417 hiis,
449 1378 532 1420 que
566 1365 712 1407 dictus
745 1365 910 1407 Vitalis
933 1365 1101 1407 fecerat
1134 1365 1376 1420 plurimam
1409 1365 1723 1407 certitudinem
1756 1379 1845 1407 non

223 1436 456 1487 haberent,
490 1436 824 1491 presencientes
852 1437 905 1478 de
939 1450 1003 1488 eo,
1029 1437 1148 1491 quod
1176 1436 1418 1478 credebant
1444 1436 1489 1477 in
1517 1436 1635 1477 dicto
1660 1436 1846 1491 negocio

226 1520 252 1548 a
290 1510 445 1549 vestra
485 1506 727 1549 sanctitate
768 1520 864 1550 esse
909 1520 1184 1559 concessum,
1223 1506 1309 1548 fuit
1351 1511 1445 1548 tam
1484 1520 1510 1548 a
1542 1507 1671 1549 nobis
1712 1521 1848 1562 quam

224 1591 250 1619 a
280 1577 470 1633 prefatis
505 1577 895 1620 ambaxiatoribus
920 1591 946 1619 a
979 1578 1098 1620 dicto
1127 1581 1326 1619 tractatu
1351 1577 1613 1620 donacionis
1648 1578 1846 1620 civitatis

220 1647 383 1691 Pisane
425 1649 606 1690 omnino
649 1649 910 1691 discessum.
975 1649 1115 1691 Nobis
1150 1652 1301 1691 autem
1340 1651 1503 1691 extunc
1537 1662 1612 1690 eos
1654 1649 1846 1691 interro-

223 1720 449 1774 gantibus,
483 1719 521 1761 si
553 1720 782 1762 tractandi
815 1723 858 1762 et
881 1721 1147 1775 expediendi
1173 1720 1410 1763 nobiscum
1444 1733 1579 1775 super
1603 1720 1690 1761 alio
1724 1720 1845 1762 facto

223 1788 429 1832 Sardinie
463 1793 506 1832 et
539 1789 721 1834 Corsice
753 1791 881 1846 regni
914 1805 1045 1834 suum
1074 1805 1310 1833 commune
1345 1791 1407 1833 eis
1434 1791 1688 1833 tradiderat
1719 1794 1844 1846 pote-

223 1864 401 1913 statem,
428 1862 760 1916 responderunt
783 1861 846 1903 eis
865 1863 920 1904 ab
941 1876 991 1904 eo
1011 1875 1147 1917 super
1164 1862 1247 1904 hoc
1264 1861 1507 1903 limitatam
1532 1862 1847 1904 comissionem

224 1944 320 1973 esse
353 1932 607 1984 comissam,
649 1946 783 1987 quam
815 1933 861 1973 in
902 1933 1113 1988 capitulis
1147 1934 1454 1985 ostenderunt,
1501 1946 1585 1988 que
1628 1934 1738 1975 adeo
1779 1933 1847 1975 in-

224 2002 403 2057 equalia
448 2016 545 2045 esse
578 2004 909 2059 conspeximus,
951 2005 1070 2059 quod
1113 2005 1283 2059 absque
1316 2003 1558 2046 manifesto
1591 2017 1643 2045 ac
1674 2004 1847 2059 ingenti

223 2073 343 2116 sedis
377 2073 624 2128 apostolice
659 2078 702 2116 et
733 2078 886 2117 vestro
920 2088 972 2116 ac
1003 2077 1160 2117 nostro
1194 2075 1429 2130 dispendio
1462 2089 1551 2117 non
1584 2078 1846 2130 poteramus

222 2144 465 2199 procedere
498 2157 633 2200 super
661 2144 735 2188 eis.
790 2145 995 2200 Denique
1022 2159 1129 2188 vero
1155 2159 1252 2198 nos,
1283 2145 1359 2201 qui
1384 2146 1510 2201 pacis
1539 2148 1582 2188 et
1608 2146 1844 2188 concordie

224 2214 516 2256 amenitatem
549 2215 778 2271 diligimus
812 2219 855 2258 et
878 2216 941 2258 eis
972 2216 1018 2257 in
1043 2217 1230 2272 agendis
1264 2216 1432 2259 nostris
1456 2216 1576 2258 viam
1604 2217 1841 2272 dirigimus

224 2288 267 2327 et
298 2285 482 2327 ianuam
516 2286 789 2341 apperimus,
826 2287 1028 2329 volentes
1060 2301 1142 2343 per
1172 2287 1353 2329 illarum
1377 2287 1563 2330 semitas
1597 2287 1843 2339 ambulare,

224 2359 269 2397 et
300 2358 349 2398 ut
381 2357 477 2398 Deo
511 2370 563 2398 ac
594 2357 723 2399 vobis
764 2371 816 2400 ac
849 2358 1056 2401 omnibus
1088 2358 1346 2401 hominibus
1385 2360 1690 2410 ostendamus,
1725 2360 1844 2414 quod

222 2440 313 2469 non
344 2440 427 2469 nos
459 2430 527 2469 set
554 2440 787 2470 commune
809 2429 1022 2471 Pisanum
1047 2430 1179 2485 culpa
1209 2430 1393 2479 tenebit,
1429 2429 1466 2471 si
1488 2430 1572 2472 hoc
1593 2430 1844 2485 negocium,

225 2498 343 2553 quod
389 2498 520 2549 absit,
564 2499 821 2553 pervenerit
857 2500 904 2541 in
946 2501 1200 2552 adversum,
1246 2500 1464 2556 speciales
1507 2503 1550 2542 et
1591 2501 1845 2556 solempnes

222 2568 411 2611 nuncios
440 2571 637 2621 nostros,
672 2568 790 2611 inter
823 2583 935 2625 quos
967 2571 1137 2612 dictum
1169 2571 1367 2613 Vitalem
1402 2572 1454 2613 de
1487 2571 1743 2624 Villanoua,
1776 2574 1845 2613 ut-

222 2642 328 2695 pote
360 2639 629 2682 intencionis
664 2643 811 2681 vestre
845 2644 888 2682 et
920 2645 1074 2683 nostre
1108 2644 1151 2683 et
1182 2642 1249 2684 rei
1281 2644 1428 2684 status
1460 2641 1707 2697 plurimum
1742 2655 1844 2684 con-

224 2711 366 2752 scium
386 2711 443 2752 ad
458 2710 628 2752 dictum
650 2710 863 2752 Pisanum
888 2725 1123 2754 commune
1146 2727 1168 2755 e
1183 2713 1376 2768 vestigio
1399 2712 1682 2768 providimus
1707 2712 1841 2755 desti-

223 2783 422 2824 nandos:
456 2784 734 2823 tractaturos
768 2784 811 2822 et
841 2780 1043 2825 facturos
1079 2796 1180 2825 cum
1210 2783 1316 2836 illis,
1350 2786 1400 2825 ut
1431 2784 1599 2826 dictum
1633 2782 1840 2826 Sardinie

225 2855 268 2894 et
295 2850 476 2895 Corsice
503 2866 708 2907 regnum,
740 2852 858 2894 sicut
890 2855 958 2894 est
989 2852 1102 2896 iuris
1135 2854 1319 2897 ecclesie
1353 2857 1396 2896 et
1427 2854 1569 2897 vestri
1601 2868 1652 2895 ac
1683 2853 1842 2905 nostri,

221 2923 450 2978 possimus
483 2922 640 2978 alsque
673 2935 942 2978 guerrarum
984 2926 1028 2965 et
1060 2923 1254 2966 aliorum
1288 2926 1588 2980 dampnorum
1624 2923 1844 2967 discrimi-

222 2993 355 3037 nibus
388 2993 603 3036 obtinere.
666 2994 723 3035 Et
764 2993 1000 3048 siquidem,
1043 2995 1406 3038 reverentissime
1438 2997 1583 3050 pater,
1623 2995 1668 3036 in
1703 3007 1842 3049 quan-
