2296 3512
1032 247 1351 287 —798—

385 392 483 420 cum
529 377 617 419 iam
662 377 764 417 inde
811 375 1024 417 haberem
1070 378 1303 430 expertam
1348 373 1576 423 noticiam,
1626 373 1834 415 dominus
1882 384 2004 427 papa

383 447 619 504 respondit
656 447 702 488 in
739 447 857 487 hunc
894 446 1096 487 modum:
1136 446 1243 496 Nos,
1277 444 1391 486 dixit
1422 444 1532 498 ipse,
1565 447 1829 498 reputamus
1860 442 2004 483 filium

383 521 589 561 nostrum
620 516 911 560 karissimum
944 528 1097 570 regem
1113 516 1378 570 Aragonum
1411 515 1574 555 karum
1601 517 1820 565 nostrum,
1850 517 1892 554 et
1919 511 2006 554 scit

384 590 519 639 Deus,
555 589 674 643 quod
698 587 745 629 in
771 586 994 639 omnibus,
1029 599 1114 641 que
1136 585 1367 641 potuimus
1391 588 1435 626 et
1458 597 1692 639 possemus
1717 584 1832 626 bono
1855 583 2004 634 modo,

385 659 478 701 suis
525 658 643 701 votis
692 657 932 699 annuimus
975 659 1018 698 et
1065 669 1261 698 annuere
1309 655 1598 696 intendimus.
1669 655 1727 696 Et
1775 653 2006 709 displicuit

385 730 529 779 nobis,
578 728 684 784 quia
731 741 888 783 nuper,
938 728 1117 782 quando
1162 726 1371 768 dominus
1416 725 1581 767 Vitalis
1626 725 1761 780 peciit
1805 737 1832 765 a
1874 723 2011 766 nobis

386 800 585 842 decimas
603 813 686 855 pro
705 799 855 853 viagio
875 797 1096 849 Sardinie,
1114 811 1204 840 non
1222 797 1309 839 sibi
1327 796 1569 838 concedere
1586 795 1830 851 potuimus,
1845 795 2008 836 timen-

386 875 454 913 tes
488 870 701 912 iudicium
735 869 978 920 incurrere,
1008 869 1046 911 si
1073 867 1270 910 decimas
1296 867 1507 909 collectas
1529 880 1612 922 pro
1634 865 1849 922 passagio
1871 865 2013 907 Terre

386 947 540 985 sancte
585 941 929 983 concederemus
968 953 1050 994 pro
1083 938 1350 980 invadendis
1383 936 1670 989 Christianis,
1709 942 1778 979 set
1810 935 2007 978 diximus

388 1017 431 1055 et
465 1013 611 1054 adhuc
651 1010 781 1053 vobis
823 1010 1027 1060 dicimus,
1072 1009 1191 1063 quod
1232 1020 1386 1049 sumus
1430 1006 1582 1060 parati
1623 1006 1768 1048 dictas
1811 1006 2007 1049 decimas

388 1083 475 1127 sibi
494 1083 736 1125 concedere
754 1095 836 1135 pro
856 1081 1007 1135 aliquo
1032 1078 1218 1134 negocio
1236 1082 1393 1120 contra
1414 1076 1519 1118 fidei
1541 1076 1761 1120 inimicos.
1815 1076 2013 1129 Quando-

388 1154 520 1196 etiam
562 1154 681 1195 idem
714 1152 878 1193 Vitalis
911 1164 1053 1205 nuper
1090 1149 1222 1192 nobis
1254 1147 1509 1202 suplicavit,
1550 1148 1669 1202 quod
1701 1146 1844 1189 filium
1877 1161 2008 1190 suum

389 1225 621 1268 dominum
659 1223 925 1265 Toletanum
966 1221 1317 1275 proveheremus
1367 1220 1423 1260 ad
1472 1218 1779 1261 cardinalatus
1821 1218 2009 1272 apicem,

389 1295 703 1338 excusavimus
734 1307 815 1348 per
846 1293 1029 1334 modum
1061 1304 1142 1345 per
1173 1304 1254 1332 vos
1286 1289 1500 1336 tactumb)
1536 1323 1543 1330 .
1579 1323 1587 1330 .
1623 1323 1631 1329 .
1667 1288 1743 1331 Set
1777 1293 1895 1330 certe
1927 1301 2016 1331 nos

387 1367 536 1421 ipsum
577 1365 886 1416 Toletanu1n1)
927 1364 981 1405 ob
1024 1362 1143 1417 regis
1181 1362 1397 1403 honorem
1430 1359 1700 1414 prefecimus
1738 1359 1783 1401 in
1823 1359 2011 1401 ecclesia

388 1436 645 1479 honorabili
668 1435 852 1490 eiusque
878 1438 1049 1476 statum
1076 1433 1444 1475 recomendatum
1467 1431 1686 1472 habemus
1717 1430 1763 1471 in
1787 1430 2010 1482 omnibus,

391 1521 476 1563 que
509 1507 596 1550 sibi
630 1507 870 1548 concedere
903 1505 1020 1547 bono
1053 1504 1188 1546 modo
1210 1503 1451 1557 possimus.
1516 1500 1747 1553 Quantum
1780 1501 1838 1542 ad
1869 1500 2011 1554 petita

389 1578 566 1620 noviter
600 1591 678 1632 per
710 1590 790 1619 vos
823 1576 1029 1625 dicimus,
1065 1575 1184 1630 quod
1214 1574 1270 1615 ad
1303 1585 1487 1627 presens
1511 1585 1599 1614 non
1631 1571 1907 1614 intendimus
1931 1571 2012 1613 ali-

391 1663 523 1705 quem
554 1648 703 1690 facere
737 1647 1026 1698 cardinalem,
1062 1645 1166 1701 quia
1201 1649 1304 1687 sunt
1337 1643 1499 1699 viginti
1533 1643 1729 1698 quinque
1760 1643 1935 1695 nun0‚2)
1969 1645 2013 1684 et

392 1720 617 1775 aliquibus
652 1733 705 1761 ex
738 1718 800 1760 eis
823 1719 1019 1760 nondum
1047 1721 1113 1759 est
1138 1717 1193 1758 ad
1219 1716 1397 1769 plenum
1420 1714 1665 1768 provisum.
1700 1714 1865 1755 Ymmo
1891 1712 2013 1755 filius

391 1794 545 1833 noster
576 1804 655 1832 rex
683 1788 833 1831 Sicilie
856 1789 1081 1831 instanter
1113 1787 1243 1830 nobis
1268 1785 1522 1840 suplicavit,
1559 1785 1678 1840 quod
1705 1783 1791 1826 sibi
1815 1783 2012 1838 aliquem

393 1862 750 1903 concederemus.
815 1860 872 1901 Et
913 1873 1014 1900 vere
1053 1858 1122 1901 bis
1162 1857 1359 1900 surrexit
1393 1857 1446 1897 de
1485 1867 1668 1907 00311110,
1702 1855 1779 1896 ubi
1812 1855 2011 1905 sedebat,

393 1946 545 1974 coram
593 1932 724 1974 nobis
767 1936 809 1973 et
852 1930 981 1972 flexis
1026 1929 1216 1985 genibus
1260 1928 1391 1982 petiit
1436 1939 1515 1968 1100
1560 1925 1709 1980 potuit
1753 1924 2011 1978 obtinere.3)

392 2004 559 2045 Verum
592 2007 744 2044 tamen
779 2001 886 2057 quid
919 2014 1054 2055 super
1087 1999 1307 2054 peticione
1340 1998 1460 2052 regis
1494 1998 1759 2051 Aragonum
1782 1995 2016 2037 karissimi

392 2073 475 2116 filii
506 2073 651 2115 nostri
682 2072 830 2114 facere
854 2072 1154 2123 intendamus,
1188 2070 1387 2111 nondum
1410 2069 1569 2110 damus
1605 2067 1731 2109 vobis
1753 2066 1889 2108 finale
1920 2079 2013 2108 res-

393 2158 599 2200 ponsum,
634 2143 740 2198 (11113
772 2156 853 2184 1100
886 2142 943 2184 ad
974 2154 1161 2196 presens
1196 2139 1480 2181 concedimus
1513 2152 1593 2180 nec
1626 2150 1857 2193 negamus.
1921 2137 2014 2179 Vos

394 2215 599 2256 redibitis
645 2214 701 2255 ad
745 2227 849 2265 nos7
895 2213 1074 2268 qnando
1118 2211 1353 2252 volueritis
1398 2213 1441 2251 et
1486 2208 1757 2263 aportabitis
1797 2207 1928 2250 nobis
1968 2207 2014 2248 in

395 2286 576 2340 scriptis
608 2284 792 2326 nomina
814 2283 1011 2335 illorum,
1045 2296 1157 2338 quos
1184 2281 1454 2323 nominastis
1488 2294 1541 2321 ex
1563 2284 1692 2334 parte
1715 2292 1809 2322 sua.
1872 2278 2021 2320 Tunc-

396 2370 482 2412 que
514 2356 642 2397 vobis
676 2355 928 2409 aperiemus
961 2354 1260 2395 intencionem
1284 2357 1488 2394 nostram
1516 2364 1652 2405 super
1675 2363 1738 2392 eo.
1802 2350 1860 2391 Et
1885 2361 2014 2391 voca-

394 2428 460 2469 vit
493 2427 722 2468 dominum
755 2426 938 2466 Petrum
962 2425 1015 2465 de
1042 2424 1140 2475 Via,
1171 2423 1246 2478 qui
1275 2422 1437 2464 eratin
1467 2422 1613 2476 capite
1637 2434 1826 2473 camere,
1863 2420 2014 2461 dicens

397 2498 500 2541 sibi:
535 2497 726 2549 Quando
759 2496 844 2537 iste
884 2495 1172 2536 ambaxiator
1209 2493 1402 2535 voluerit
1444 2493 1500 2534 ad
1531 2505 1614 2534 nos
1654 2492 1841 2543 intrare,
1874 2490 2016 2532 intro-

397 2569 573 2612 ducatis
607 2581 707 2610 eum
741 2567 797 2608 ad
830 2566 929 2608 nos!

538 2639 568 2679 b)
593 2638 639 2671 Es
676 2636 763 2681 folgt
798 2637 905 2671 dann:
944 2635 1031 2669 dixit
1062 2635 1134 2678 ipse
1160 2634 1282 2674 michi,
1321 2644 1391 2667 was
1416 2633 1452 2666 in
1478 2633 1532 2666 die
1558 2631 1810 2666 Konstruktion
1834 2630 1932 2664 nicht
1956 2631 2018 2673 gut

397 2692 620 2734 hineinpasst.

541 2762 566 2805 1)
591 2762 710 2795 iniant
732 2760 870 2795 ζ101131111
896 2770 966 2793 war
991 2759 1056 2793 seit
1084 2758 1172 2793 1319
1199 2757 1403 2791 Erzbischof
1428 2767 1496 2790 von
1521 2755 1657 2791 Toledo.

540 2819 566 2863 2)
591 2820 637 2854 Es
654 2819 770 2854 lebten
789 2817 919 2853 damals
937 2817 1021 2851 zwei
1039 2828 1107 2851 von
1124 2816 1291 2851 Nikolaus
1309 2817 1383 2858 IV„
1411 2815 1496 2849 zwei
1514 2825 1582 2848 von
1598 2813 1744 2848 Bonitaz
1761 2812 1872 2854 VEL,
1899 2810 2018 2844 sieben

398 2884 465 2907 von
492 2872 653 2908 Clemens
677 2873 721 2909 V.
753 2872 825 2905 und
857 2870 1023 2904 vierzehn
1048 2881 1116 2904 von
1140 2870 1317 2904 Johannes
1343 2871 1511 2903 ernannte
1539 2866 1735 2901 Kardin'ale.
1786 2863 2019 2908 Berengarius

398 2925 535 2961 Fredoh
559 2926 673 2959 iunior
698 2936 750 2969 ep.
777 2923 978 2959 Portuensis
1003 2934 1098 2957 muss
1124 2922 1254 2956 damals
1280 2922 1389 2956 sehon
1413 2920 1597 2965 gestorben
1622 2920 1706 2953 sein.

541 2983 568 3027 3)
594 2983 671 3028 Vgl.
709 2983 813 3025 oben,
852 2993 922 3016 was
959 2981 1061 3015 Vidal
1093 2982 1134 3015 de
1167 2980 1349 3014 Villanova
1385 2990 1452 3014 von
1491 2980 1559 3012 den
1596 2978 1714 3012 Bitten
1750 2975 1853 3011 Karls
1878 2975 1925 3009 Π.
1962 2974 2025 3008 bei

400 3037 562 3073 Clemens
587 3036 630 3072 V.
657 3036 838 3070 berichtet.
