2296 3512
902 255 1221 295 —789—

250 379 420 413 vissemus
457 377 606 422 aliquem
637 379 680 413 de
711 379 880 413 adiutorio
911 379 1010 413 nobis
1040 380 1217 424 faciendo,
1260 381 1340 426 quia
1365 382 1436 425 ipse
1462 382 1594 416 faceret
1618 381 1717 415 nobis
1743 381 1872 417 bonum

249 437 467 471 adiutorium.
518 437 557 479 (f.
585 437 679 481 314.)

389 495 476 529 Was
501 495 556 529 die
580 495 783 540 Tunisfrage
810 497 953 540 angeht,
980 497 1069 531 habe
1095 497 1152 531 ich
1178 498 1278 532 keine
1303 497 1393 532 volle
1418 497 1587 532 Klarheit.
1638 498 1754 532 Schon
1780 499 1873 534 1313

249 565 304 588 am
331 554 386 588 27.
404 553 475 588 Juli
500 553 588 588 wird
613 554 651 590 G.
679 554 868 589 Oulomarii
894 556 936 590 ad
961 566 1079 599 regem
1104 555 1236 590 Tunicii
1261 557 1416 600 gesandt.
1467 557 1563 601 (Reg.
1582 558 1649 591 337
1676 557 1703 591 f.
1731 556 1796 592 195
1815 557 1874 601 ff.)

248 613 320 647 Der
344 613 457 657 Konig
493 612 590 646 hatte
628 613 801 658 verlangt:
840 625 907 658 que
938 614 1151 648 renovellem
1177 625 1244 658 pau
1270 617 1368 649 entre
1394 626 1455 649 nos
1482 618 1516 649 et
1540 615 1573 649 la
1597 626 1694 649 amor
1719 616 1870 660 antiqua.

246 674 313 706 Am
331 670 494 706 Schlusse
521 672 583 705 der
599 672 812 707 Instruktion
840 672 951 707 heisst
976 683 1030 707 es:
1055 673 1221 707 Preterea
1245 674 1277 709 d.
1303 685 1366 708 rex
1384 674 1471 708 dixit
1488 675 1519 710 d.
1540 675 1579 708 G.
1599 674 1786 709 Oulomarii
1806 704 1813 711 .
1833 703 1842 710 .
1862 704 1871 711 .

249 730 355 774 quod,
394 730 421 764 si
460 731 633 774 quoddam
669 732 844 765 secretum
875 732 1075 776 negocium,
1114 732 1205 776 quod
1236 734 1405 766 tractatur
1436 733 1529 766 inter
1554 733 1667 777 ipsum
1694 734 1725 768 d.
1753 744 1871 778 regem

246 792 405 823 nostrum
429 791 631 834 Aragonum
657 792 692 824 et
716 790 888 834 prefatum
918 801 1036 835 regem
1061 791 1204 834 Tunicii,
1230 792 1273 825 de
1299 802 1366 835 quo
1391 791 1464 834 ipse
1484 792 1522 825 G.
1545 791 1733 826 Oulomarii
1759 792 1870 826 infor·
1939 796 1947 802 ”

245 849 361 882 11131118
385 850 447 891 081,
474 849 564 892 quod
590 849 818 883 vehementer
843 849 984 893 respicit
1010 850 1165 884 divinum
1192 850 1380 884 servicium
1406 852 1441 883 et
1464 850 1576 884 1001118
1594 850 1873 894 Christianitatis,

244 907 445 951 pervenerit
464 908 507 941 ad
529 907 712 951 effectum,
738 908 895 952 prefatus
921 909 959 945 G.
987 908 1078 943 (11031
1103 910 1138 942 01
1162 909 1278 943 dicere
1303 909 1411 952 possit
1436 908 1472 942 in
1497 908 1562 943 1100
1588 919 1670 943 03811
1693 910 1782 944 (11010
1800 910 1873 955 regi

244 965 392 1004 Tunicii,
433 967 524 1011 quod
562 966 635 1010 ipse
672 977 736 1000 rex
760 967 892 1002 Tunicii
931 967 1067 1002 ordinet
1102 968 1145 1002 de
1176 978 1261 1012 pace
1293 967 1450 1012 predicta
1475 970 1510 1001 et
1534 967 1692 1002 omnibus
1717 968 1873 1003 articulis

244 1025 461 1069 supradictis,
488 1027 591 1069 prout
615 1026 679 1060 sibi
705 1025 874 1070 placuerit
899 1028 934 1060 01
951 1026 1104 1061 voluerit
1129 1028 1164 1060 et
1189 1037 1228 1060 eo
1255 1027 1359 1061 etiam
1382 1037 1465 1060 03811
1483 1027 1595 1061 (1101118
1613 1027 1652 1062 G.
1670 1027 1778 1070 possit
1795 1038 1871 1061 eam

243 1084 386 1118 firmare
424 1085 467 1118 ad
505 1084 720 1119 voluntatem
759 1085 867 1129 ipsius
904 1085 1005 1130 regis.
1055 1085 1140 1130 Reg.
1173 1086 1240 1120 337
1267 1086 1294 1120 f.
1323 1085 1416 1120 183v
1453 1085 1607 1119 schreibt
1642 1097 1714 1120 nun
1739 1086 1770 1120 J.
1808 1096 1870 1120 an·

243 1143 521 1188 deutungsweise
544 1154 588 1177 an
606 1145 674 1178 den
691 1144 807 1188 Papst,
834 1145 913 1179 dass
930 1146 1067 1178 tantum
1085 1146 1261 1179 secretum
1278 1155 1345 1178 nur
1361 1155 1423 1188 per
1441 1144 1660 1179 credenciam
1677 1143 1870 1188 simplicem

243 1202 316 1235 ihm
342 1203 592 1246 zugekommen
618 1203 677 1237 sei.
717 1203 840 1247 Papst:
866 1203 900 1238 81
926 1203 1111 1248 negocium
1138 1204 1254 1247 ipsum
1280 1203 1425 1237 veritate
1452 1203 1640 1237 subnixum
1658 1214 1697 1237 ac
1716 1203 1870 1238 factibile

243 1266 277 1295 et
295 1261 490 1305 expedibile
509 1262 586 1296 fore
610 1262 859 1306 putaverimus,
886 1262 970 1296 solle
987 1263 1019 1296 J.
1039 1262 1213 1297 Gesandte
1230 1263 1301 1296 und
1319 1261 1500 1306 spezielles
1518 1261 1709 1297 Schreiben
1727 1261 1869 1296 senden.

240 1320 365 1364 Jayme
393 1322 593 1354 antwortet:
625 1321 722 1356 Tunc
758 1321 858 1355 nobis
889 1321 972 1356 satis
997 1321 1157 1365 apparuit
1181 1321 1366 1364 sufficere,
1406 1323 1445 1355 ut
1468 1321 1651 1366 negocium
1677 1321 1791 1365 ipsum
1816 1331 1872 1355 se-

241 1381 377 1413 cretum
402 1379 576 1413 sanctitati
602 1382 719 1414 vestre
748 1380 1040 1424 significaremus,
1065 1382 1106 1414 ut
1129 1391 1202 1423 vos,
1228 1380 1264 1414 111
1290 1391 1357 1424 quo
1384 1382 1438 1414 est
1461 1381 1550 1415 scire
1576 1382 1611 1414 et
1636 1391 1753 1424 posse,
1779 1380 1870 1414 ordi·

240 1438 379 1480 naretis,
406 1449 446 1473 00
472 1439 563 1482 quod
589 1439 799 1473 beatitudini
826 1439 1007 1473 videretur
1028 1467 1034 1473 .
1056 1467 1062 1473 .
1083 1467 1089 1473 .
1116 1439 1310 1483 Negocium
1336 1440 1385 1473 sic
1405 1440 1625 1483 processisse,
1651 1439 1741 1473 sicut
1758 1440 1871 1473 dictus

242 1497 299 1540 G.,
339 1497 397 1542 qui
429 1498 532 1531 etiam
559 1498 719 1533 omnibus
746 1509 892 1542 presens
920 1499 1007 1535 suit,
1045 1499 1207 1543 exposuit
1232 1498 1416 1534 sanctitati.
1467 1498 1542 1541 Que
1568 1500 1683 1532 autem
1710 1499 1755 1532 sit
1778 1498 1872 1533 illius

240 1555 420 1599 voluntas,
454 1557 496 1590 de
522 1568 588 1601 quo
614 1568 729 1591 sermo
755 1559 824 1600 est,
856 1560 974 1591 utrum
1001 1557 1086 1592 ficta
1111 1557 1167 1591 vel
1192 1568 1291 1600 vera,
1324 1558 1384 1592 das
1409 1557 1510 1593 wisse
1536 1557 1627 1592 Gott.
1678 1557 1871 1602 Negocium

250 1642 256 1649 .
285 1642 291 1649 .
321 1642 327 1649 .
354 1615 507 1650 factibile
544 1618 745 1660 reputamus
782 1616 954 1651 existente
992 1617 1085 1651 facta
1115 1616 1277 1660 primitus
1302 1627 1386 1661 pace
1412 1616 1648 1652 effectualiter
1672 1617 1764 1651 inter
1791 1644 1797 1651 .
1826 1644 1833 1651 .
1862 1644 1870 1651 .

240 1674 438 1709 Robertum
464 1675 579 1710 Sicilie
605 1678 640 1709 et
664 1675 890 1710 Fredericum
915 1676 1089 1710 Trinacrie
1114 1687 1214 1720 reges
1236 1704 1242 1710 .
1271 1704 1277 1710 .
1306 1703 1313 1710 .
1362 1675 1567 1720 Expedibile
1586 1703 1593 1710 .
1613 1704 1621 1712 .
1641 1703 1648 1710 .
1667 1677 1870 1720 reputamus

238 1733 316 1777 plus
349 1744 454 1778 quam
479 1733 609 1778 aliquid
632 1734 735 1778 aliud,
763 1735 854 1779 quod
878 1735 959 1768 fieri
985 1735 1093 1779 possit
1118 1737 1239 1769 contra
1263 1735 1380 1769 hostes
1405 1735 1490 1769 fidei
1515 1735 1557 1769 ad
1581 1735 1747 1769 honorem
1774 1734 1868 1770 altis·

239 1792 317 1826 simi
346 1820 352 1827 .
388 1820 394 1827 .
423 1820 429 1827 .
456 1797 491 1827 et
515 1793 658 1828 finalem
690 1793 1022 1828 exterminacionem
1053 1794 1207 1829 hostium
1231 1794 1479 1838 predictorum.
1529 1793 1645 1829 Selbst
1669 1805 1771 1828 wenn
1797 1794 1868 1837 der,

241 1862 300 1885 um
327 1852 394 1886 den
420 1862 457 1886 es
483 1852 557 1886 sich
582 1852 719 1895 handle,
745 1853 906 1897 fingiere,
932 1853 1046 1887 konne
1070 1854 1135 1887 mit
1157 1853 1268 1888 Hiilfe
1294 1853 1356 1887 der
1379 1853 1503 1888 beiden
1520 1855 1718 1897 genannten
1735 1853 1869 1898 Kbnige

246 1911 300 1945 die
327 1910 437 1945 830110
475 1911 649 1955 gliicklich
686 1912 895 1956 ausgefiihrt
932 1913 1082 1948 werden.
1133 1913 1180 1947 Es
1217 1911 1362 1946 handelt
1398 1913 1472 1947 sich
1509 1911 1580 1946 also
1617 1911 1708 1946 wohl
1740 1912 1776 1946 in
1807 1912 1870 1946 der

245 1969 409 2004 sekreten
434 1970 545 2004 Sache
576 1982 636 2004 um
661 1971 737 2004 01110
763 1970 871 2014 Rolle,
898 1971 953 2005 die
979 1971 1041 2005 der
1068 1971 1182 2016 Konig
1207 1982 1275 2005 von
1300 1971 1405 2005 Tunis
1431 1971 1562 2015 spielen
1587 1970 1661 2005 soll.
1718 1971 1769 2006 Ob
1794 1973 1868 2006 An-

244 2028 370 2062 nahme
399 2029 459 2063 des
485 2029 791 2064 Christenthums‘?

239 2149 342 2189 493.
375 2148 604 2190 Kardinal
641 2148 875 2203 Napoleon
908 2149 1063 2192 Orsini
1110 2162 1168 2191 an
1199 2150 1361 2205 Jayme
1392 2151 1480 2192 II.:
1527 2150 1708 2192 Freude
1751 2151 1869 2193 iiber

237 2217 318 2259 das
362 2218 552 2261 sekrete
594 2217 837 2273 Geschiift,
881 2219 1045 2262 ‹lessen
1083 2220 1399 2274 Ausfi'ihrung
1442 2232 1530 2263 von
1572 2221 1865 2275 gewaltigem

236 2288 413 2331 Nutzen
446 2290 544 2331 sein
568 2290 736 2332 werde.
783 2291 1121 2344 Bemi'ihungen
1143 2303 1221 2333 um
1244 2291 1579 2345 Fortfi‘ihrung
1601 2291 1685 2333 (101·
1707 2290 1867 2334 830110.

687 2361 899 2414 Avignon
931 2361 1111 2416 (1316)7
1145 2362 1323 2406 Januar
1355 2362 1426 2404 24.

478 2486 486 2493 .
530 2454 685 2509 Nuper
741 2468 840 2496 cuni
889 2455 1161 2498 venerabilis
1204 2455 1256 2498 G.
1291 2455 1532 2498 Ollomarii
1579 2456 1866 2499 consiliarius

243 2526 393 2565 vester
426 2537 526 2565 cum
560 2524 742 2566 domino
769 2528 939 2577 nostro,
974 2539 1151 2569 summo
1173 2526 1404 2581 pontiffice
1426 2527 1557 2570 nobis
1580 2527 1865 2581 presentibus

243 2597 421 2636 actaret
452 2607 588 2648 super
620 2596 816 2648 quodam
849 2595 1225 2651 tgloriosisrsimo
1257 2598 1445 2654 negocio
1479 2600 1650 2641 secrete
1681 2611 1762 2652 per
1794 2612 1867 2639 ex-

241 2664 499 2707 cellenciam
534 2665 706 2721 regiam
741 2666 885 2708 eidem
919 2667 1100 2709 domino
1127 2670 1286 2711 nostro
1310 2682 1486 2711 summo
1508 2668 1731 2723 pontiffici
1754 2682 1864 2710 nun-

238 2735 372 2788 ciato,
415 2736 469 2777 de
503 2735 622 2778 dicto
654 2736 856 2791 negocio,
900 2750 1002 2779 cum
1033 2737 1181 2792 ipsum
1215 2739 1392 2793 plenius
1425 2738 1652 2792 scivimus,
1694 2739 1864 2781 exalta-

238 2806 408 2849 tionem
477 2806 719 2849 habuimus
780 2807 1110 2861 vehementem,
1165 2809 1211 2851 in
1269 2809 1451 2852 domino
1505 2822 1630 2864 spem
1685 2809 1863 2852 firmam

234 2877 468 2929 habentes,
503 2890 529 2918 a
563 2891 650 2932 quo
677 2878 797 2919 bona
829 2883 988 2919 cuncta
1018 2880 1283 2932 procedunt,
1317 2880 1436 2935 quod
1470 2879 1734 2935 [eff]iciente
1765 2881 1863 2935 ipso

233 2947 381 2989 multa
426 2948 547 2990 bona
591 2951 634 2990 et
677 2948 870 3004 grandia
912 2949 1072 2991 exinde
1108 2953 1324 3004 poterunt
1368 2951 1621 3006 provenire.
1693 2951 1863 2993 Verum

235 3031 336 3060 cum
382 3019 572 3061 eundem
615 3019 846 3061 dominum
886 3022 1093 3062 nostrum
1135 3020 1412 3074 pontifficem
1455 3022 1649 3077 quedam
1688 3021 1763 3063 via
1794 3034 1863 3062 re-
