<?xml version="1.0" encoding="UTF-8"?>
<!DOCTYPE html PUBLIC "-//W3C//DTD XHTML 1.0 Transitional//EN"
    "http://www.w3.org/TR/xhtml1/DTD/xhtml1-transitional.dtd">
<html xmlns="http://www.w3.org/1999/xhtml" xml:lang="en" lang="en">
 <head>
  <title>
</title>
<meta http-equiv="Content-Type" content="text/html;charset=utf-8" />
  <meta name='ocr-system' content='tesseract 3.04.00' />
  <meta name='ocr-capabilities' content='ocr_page ocr_carea ocr_par ocr_line ocrx_word'/>
</head>
<body>
  <div class='ocr_page' id='page_1' title='image "./actaaragonensiaq02finkuoft_0431.png"; bbox 0 0 2296 3512; ppageno 0'>
   <div class='ocr_carea' id='block_1_1' title="bbox 873 241 1192 283">
    <p class='ocr_par' dir='ltr' id='par_1_1' title="bbox 873 241 1192 283">
     <span class='ocr_line' id='line_1_1' title="bbox 873 241 1192 283; baseline 0.006 -2"><span class='ocrx_word' id='word_1_1' title='bbox 873 241 1192 283; x_wconf 80' lang='lat'>-935—</span> 
     </span>
    </p>
   </div>
   <div class='ocr_carea' id='block_1_2' title="bbox 223 361 1846 848">
    <p class='ocr_par' dir='ltr' id='par_1_2' title="bbox 223 361 1846 848">
     <span class='ocr_line' id='line_1_2' title="bbox 302 361 1766 425; baseline -0.001 -13"><span class='ocrx_word' id='word_1_2' title='bbox 302 361 1766 425; x_wconf 77' lang='lat' dir='ltr'>Prol)abcdefghiklmnopqrstuxyz</span> 
     </span>
     <span class='ocr_line' id='line_1_3' title="bbox 466 439 1769 495; baseline -0.001 -13"><span class='ocrx_word' id='word_1_3' title='bbox 466 439 1769 495; x_wconf 77' lang='lat' dir='ltr'>qrstuxyzpomnlkihgfeabcd</span> 
     </span>
     <span class='ocr_line' id='line_1_4' title="bbox 364 509 1846 565; baseline 0 -13"><span class='ocrx_word' id='word_1_4' title='bbox 364 512 452 553; x_wconf 92' lang='lat' dir='ltr'>Pro</span> <span class='ocrx_word' id='word_1_5' title='bbox 485 524 591 565; x_wconf 85' lang='lat' dir='ltr'>rege</span> <span class='ocrx_word' id='word_1_6' title='bbox 623 512 889 565; x_wconf 83' lang='lat' dir='ltr'>Aragonum</span> <span class='ocrx_word' id='word_1_7' title='bbox 954 544 962 561; x_wconf 91' lang='lat'>‚</span> <span class='ocrx_word' id='word_1_8' title='bbox 997 523 1080 564; x_wconf 89' lang='lat' dir='ltr'>pro</span> <span class='ocrx_word' id='word_1_9' title='bbox 1113 509 1285 551; x_wconf 84' lang='lat' dir='ltr'>infante</span> <span class='ocrx_word' id='word_1_10' title='bbox 1378 545 1387 562; x_wconf 86' lang='lat'>,</span> <span class='ocrx_word' id='word_1_11' title='bbox 1422 523 1503 565; x_wconf 86' lang='lat' dir='ltr'>pro</span> <span class='ocrx_word' id='word_1_12' title='bbox 1532 510 1677 552; x_wconf 91' lang='lat' dir='ltr'>iudice</span> <span class='ocrx_word' id='word_1_13' title='bbox 1700 510 1846 552; x_wconf 88' lang='lat' dir='ltr'>Arbo-</span> 
     </span>
     <span class='ocr_line' id='line_1_5' title="bbox 224 579 1846 636; baseline -0.001 -13"><span class='ocrx_word' id='word_1_14' title='bbox 224 595 297 623; x_wconf 87' lang='lat' dir='ltr'>ree</span> <span class='ocrx_word' id='word_1_15' title='bbox 339 582 390 632; x_wconf 81' lang='lat' dir='ltr'>R,</span> <span class='ocrx_word' id='word_1_16' title='bbox 438 594 520 636; x_wconf 91' lang='lat' dir='ltr'>pro</span> <span class='ocrx_word' id='word_1_17' title='bbox 574 581 876 635; x_wconf 79' lang='lat' dir='ltr'>gubernatore</span> <span class='ocrx_word' id='word_1_18' title='bbox 918 579 972 632; x_wconf 76' lang='lat' dir='ltr'>Q,</span> <span class='ocrx_word' id='word_1_19' title='bbox 1021 593 1104 635; x_wconf 88' lang='lat' dir='ltr'>pro</span> <span class='ocrx_word' id='word_1_20' title='bbox 1147 579 1484 635; x_wconf 78' lang='lat' dir='ltr'>Be1²lingard(?)</span> <span class='ocrx_word' id='word_1_21' title='bbox 1549 615 1559 634; x_wconf 94' lang='lat'>,</span> <span class='ocrx_word' id='word_1_22' title='bbox 1602 594 1684 636; x_wconf 86' lang='lat' dir='ltr'>pro</span> <span class='ocrx_word' id='word_1_23' title='bbox 1728 593 1846 622; x_wconf 87' lang='lat' dir='ltr'>com-</span> 
     </span>
     <span class='ocr_line' id='line_1_6' title="bbox 223 649 1846 706; baseline -0.001 -13"><span class='ocrx_word' id='word_1_24' title='bbox 223 652 349 693; x_wconf 88' lang='lat' dir='ltr'>muni</span> <span class='ocrx_word' id='word_1_25' title='bbox 380 651 590 693; x_wconf 87' lang='lat' dir='ltr'>Pisarum</span> <span class='ocrx_word' id='word_1_26' title='bbox 623 652 677 703; x_wconf 91' lang='lat' dir='ltr'>X,</span> <span class='ocrx_word' id='word_1_27' title='bbox 726 664 808 706; x_wconf 85' lang='lat' dir='ltr'>pro</span> <span class='ocrx_word' id='word_1_28' title='bbox 848 650 977 692; x_wconf 87' lang='lat' dir='ltr'>vobis</span> <span class='ocrx_word' id='word_1_29' title='bbox 1041 684 1050 702; x_wconf 88' lang='lat'>,</span> <span class='ocrx_word' id='word_1_30' title='bbox 1100 664 1183 705; x_wconf 90' lang='lat' dir='ltr'>pro</span> <span class='ocrx_word' id='word_1_31' title='bbox 1217 650 1347 693; x_wconf 87' lang='lat' dir='ltr'>nobis</span> <span class='ocrx_word' id='word_1_32' title='bbox 1411 685 1420 702; x_wconf 87' lang='lat'>,</span> <span class='ocrx_word' id='word_1_33' title='bbox 1470 664 1553 706; x_wconf 83' lang='lat' dir='ltr'>pro</span> <span class='ocrx_word' id='word_1_34' title='bbox 1593 649 1774 693; x_wconf 86' lang='lat' dir='ltr'>Sassari</span> <span class='ocrx_word' id='word_1_35' title='bbox 1836 685 1846 703; x_wconf 85' lang='lat'>,</span> 
     </span>
     <span class='ocr_line' id='line_1_7' title="bbox 224 720 1845 777; baseline -0.001 -13"><span class='ocrx_word' id='word_1_36' title='bbox 224 735 307 777; x_wconf 86' lang='lat' dir='ltr'>pro</span> <span class='ocrx_word' id='word_1_37' title='bbox 349 720 546 764; x_wconf 83' lang='lat' dir='ltr'>Castello</span> <span class='ocrx_word' id='word_1_38' title='bbox 611 756 620 773; x_wconf 94' lang='lat'>,</span> <span class='ocrx_word' id='word_1_39' title='bbox 666 734 749 776; x_wconf 85' lang='lat' dir='ltr'>pro</span> <span class='ocrx_word' id='word_1_40' title='bbox 793 724 943 763; x_wconf 85' lang='lat' dir='ltr'>castro</span> <span class='ocrx_word' id='word_1_41' title='bbox 977 721 1180 762; x_wconf 83' lang='lat' dir='ltr'>Benaero</span> <span class='ocrx_word' id='word_1_42' title='bbox 1245 755 1253 772; x_wconf 88' lang='lat'>,</span> <span class='ocrx_word' id='word_1_43' title='bbox 1299 734 1381 774; x_wconf 84' lang='lat' dir='ltr'>pro</span> <span class='ocrx_word' id='word_1_44' title='bbox 1415 721 1535 762; x_wconf 83' lang='lat' dir='ltr'>Villa</span> <span class='ocrx_word' id='word_1_45' title='bbox 1569 721 1753 764; x_wconf 76' lang='lat' dir='ltr'>ecclesie</span> <span class='ocrx_word' id='word_1_46' title='bbox 1836 755 1845 772; x_wconf 85' lang='lat'>,</span> 
     </span>
     <span class='ocr_line' id='line_1_8' title="bbox 223 791 498 848; baseline 0.007 -16"><span class='ocrx_word' id='word_1_47' title='bbox 223 806 306 848; x_wconf 81' lang='lat' dir='ltr'>pro</span> <span class='ocrx_word' id='word_1_48' title='bbox 341 791 498 834; x_wconf 80' lang='lat' dir='ltr'>Sardis</span> 
     </span>
    </p>
   </div>
   <div class='ocr_carea' id='block_1_3' title="bbox 223 955 1847 1081">
    <p class='ocr_par' dir='ltr' id='par_1_3' title="bbox 223 955 1847 1081">
     <span class='ocr_line' id='line_1_9' title="bbox 225 955 1847 1012; baseline -0.001 -13"><span class='ocrx_word' id='word_1_49' title='bbox 225 959 322 999; x_wconf 84' lang='grc'><strong>667.</strong></span> <span class='ocrx_word' id='word_1_50' title='bbox 369 958 530 1012; x_wconf 70' lang='lat' dir='ltr'>Jayme</span> <span class='ocrx_word' id='word_1_51' title='bbox 556 958 622 998; x_wconf 93' lang='grc' dir='ltr'>ΙΙ.</span> <span class='ocrx_word' id='word_1_52' title='bbox 662 969 720 998; x_wconf 87' lang='lat' dir='ltr'>an</span> <span class='ocrx_word' id='word_1_53' title='bbox 757 956 845 998; x_wconf 88' lang='grc'><strong>(1611</strong></span> <span class='ocrx_word' id='word_1_54' title='bbox 878 955 1017 998; x_wconf 83' lang='lat' dir='ltr'>Curia</span> <span class='ocrx_word' id='word_1_55' title='bbox 1054 955 1148 998; x_wconf 83' lang='lat' dir='ltr'>und</span> <span class='ocrx_word' id='word_1_56' title='bbox 1189 955 1265 997; x_wconf 89' lang='lat' dir='ltr'>die</span> <span class='ocrx_word' id='word_1_57' title='bbox 1297 956 1502 998; x_wconf 83' lang='lat' dir='ltr'>Paeiarii</span> <span class='ocrx_word' id='word_1_58' title='bbox 1536 968 1621 998; x_wconf 81' lang='lat' dir='ltr'>von</span> <span class='ocrx_word' id='word_1_59' title='bbox 1653 957 1847 998; x_wconf 85' lang='lat' dir='ltr'>Lerida:</span> 
     </span>
     <span class='ocr_line' id='line_1_10' title="bbox 223 1025 1847 1081; baseline -0.001 -12"><span class='ocrx_word' id='word_1_60' title='bbox 223 1027 415 1081; x_wconf 83' lang='lat' dir='ltr'>Angriff</span> <span class='ocrx_word' id='word_1_61' title='bbox 446 1028 541 1069; x_wconf 86' lang='lat' dir='ltr'>und</span> <span class='ocrx_word' id='word_1_62' title='bbox 572 1026 759 1080; x_wconf 73' lang='lat' dir='ltr'>Tiitung</span> <span class='ocrx_word' id='word_1_63' title='bbox 797 1027 1039 1068; x_wconf 86' lang='lat' dir='ltr'>mehrerer</span> <span class='ocrx_word' id='word_1_64' title='bbox 1072 1025 1329 1069; x_wconf 86' lang='lat' dir='ltr'>Studenten</span> <span class='ocrx_word' id='word_1_65' title='bbox 1362 1026 1509 1068; x_wconf 86' lang='lat' dir='ltr'>durch</span> <span class='ocrx_word' id='word_1_66' title='bbox 1540 1027 1728 1080; x_wconf 80' lang='lat' dir='ltr'>Biirger</span> <span class='ocrx_word' id='word_1_67' title='bbox 1758 1039 1847 1069; x_wconf 78' lang='lat' dir='ltr'>von</span> 
     </span>
    </p>
   </div>
   <div class='ocr_carea' id='block_1_4' title="bbox 222 1096 1848 1210">
    <p class='ocr_par' dir='ltr' id='par_1_4' title="bbox 222 1096 1848 1210">
     <span class='ocr_line' id='line_1_11' title="bbox 222 1096 1848 1150; baseline -0.001 -9"><span class='ocrx_word' id='word_1_68' title='bbox 222 1098 413 1149; x_wconf 83' lang='lat' dir='ltr'>Lerida3</span> <span class='ocrx_word' id='word_1_69' title='bbox 449 1097 803 1150; x_wconf 82' lang='lat' dir='ltr'>Aufforderung</span> <span class='ocrx_word' id='word_1_70' title='bbox 835 1097 963 1139; x_wconf 88' lang='grc'><strong>(11656</strong></span> <span class='ocrx_word' id='word_1_71' title='bbox 995 1098 1160 1150; x_wconf 85' lang='lat' dir='ltr'>streng</span> <span class='ocrx_word' id='word_1_72' title='bbox 1192 1110 1246 1138; x_wconf 90' lang='lat' dir='ltr'>zu</span> <span class='ocrx_word' id='word_1_73' title='bbox 1277 1096 1532 1139; x_wconf 85' lang='lat' dir='ltr'>bestrafen.</span> <span class='ocrx_word' id='word_1_74' title='bbox 1589 1097 1848 1140; x_wconf 83' lang='lat' dir='ltr'>Barcelona</span> 
     </span>
     <span class='ocr_line' id='line_1_12' title="bbox 868 1167 1205 1210; baseline 0 -1"><span class='ocrx_word' id='word_1_75' title='bbox 868 1167 978 1210; x_wconf 71' lang='lat'>1327</span> <span class='ocrx_word' id='word_1_76' title='bbox 1012 1169 1103 1210; x_wconf 87' lang='lat' dir='ltr'>Mai</span> <span class='ocrx_word' id='word_1_77' title='bbox 1137 1168 1205 1209; x_wconf 78' lang='lat'>16.</span> 
     </span>
    </p>
   </div>
   <div class='ocr_carea' id='block_1_5' title="bbox 222 1261 1851 2661">
    <p class='ocr_par' dir='ltr' id='par_1_5' title="bbox 222 1261 1851 2661">
     <span class='ocr_line' id='line_1_13' title="bbox 364 1261 1847 1316; baseline -0.001 -12"><span class='ocrx_word' id='word_1_78' title='bbox 364 1263 564 1305; x_wconf 79' lang='lat' dir='ltr'>Jacobus</span> <span class='ocrx_word' id='word_1_79' title='bbox 597 1266 678 1304; x_wconf 91' lang='lat' dir='ltr'>etc.</span> <span class='ocrx_word' id='word_1_80' title='bbox 721 1262 896 1305; x_wconf 86' lang='lat' dir='ltr'>dilectis</span> <span class='ocrx_word' id='word_1_81' title='bbox 927 1261 1137 1305; x_wconf 87' lang='lat' dir='ltr'>fidelibus</span> <span class='ocrx_word' id='word_1_82' title='bbox 1171 1261 1293 1303; x_wconf 87' lang='lat' dir='ltr'>curie</span> <span class='ocrx_word' id='word_1_83' title='bbox 1326 1264 1369 1303; x_wconf 93' lang='lat' dir='ltr'>et</span> <span class='ocrx_word' id='word_1_84' title='bbox 1401 1261 1615 1316; x_wconf 86' lang='lat' dir='ltr'>paciariis</span> <span class='ocrx_word' id='word_1_85' title='bbox 1649 1261 1847 1303; x_wconf 83' lang='lat' dir='ltr'>civitatis</span> 
     </span>
     <span class='ocr_line' id='line_1_14' title="bbox 223 1327 1848 1375; baseline -0.001 0"><span class='ocrx_word' id='word_1_86' title='bbox 223 1327 467 1375; x_wconf 87' lang='lat' dir='ltr'>Ilerdensis</span> <span class='ocrx_word' id='word_1_87' title='bbox 525 1336 606 1374; x_wconf 92' lang='lat' dir='ltr'>etc.</span> <span class='ocrx_word' id='word_1_88' title='bbox 691 1333 801 1374; x_wconf 87' lang='lat' dir='ltr'>Rem</span> <span class='ocrx_word' id='word_1_89' title='bbox 850 1332 1165 1374; x_wconf 82' lang='lat' dir='ltr'>detestabilem</span> <span class='ocrx_word' id='word_1_90' title='bbox 1221 1335 1264 1373; x_wconf 91' lang='lat' dir='ltr'>et</span> <span class='ocrx_word' id='word_1_91' title='bbox 1312 1345 1541 1374; x_wconf 84' lang='lat' dir='ltr'>enormem</span> <span class='ocrx_word' id='word_1_92' title='bbox 1594 1331 1848 1374; x_wconf 83' lang='lat' dir='ltr'>audivimus</span> 
     </span>
     <span class='ocr_line' id='line_1_15' title="bbox 224 1402 1849 1459; baseline -0.001 -14"><span class='ocrx_word' id='word_1_93' title='bbox 224 1404 402 1446; x_wconf 83' lang='lat' dir='ltr'>noviter</span> <span class='ocrx_word' id='word_1_94' title='bbox 439 1406 765 1459; x_wconf 82' lang='lat' dir='ltr'>perpetratam,</span> <span class='ocrx_word' id='word_1_95' title='bbox 811 1404 946 1458; x_wconf 84' lang='lat' dir='ltr'>quod,</span> <span class='ocrx_word' id='word_1_96' title='bbox 990 1417 1091 1444; x_wconf 82' lang='lat' dir='ltr'>cum</span> <span class='ocrx_word' id='word_1_97' title='bbox 1132 1403 1272 1458; x_wconf 80' lang='lat' dir='ltr'>aliqui</span> <span class='ocrx_word' id='word_1_98' title='bbox 1312 1403 1430 1445; x_wconf 84' lang='lat' dir='ltr'>cives</span> <span class='ocrx_word' id='word_1_99' title='bbox 1479 1405 1522 1443; x_wconf 90' lang='lat' dir='ltr'>et</span> <span class='ocrx_word' id='word_1_100' title='bbox 1566 1402 1849 1444; x_wconf 77' lang='lat' dir='ltr'>habitatores</span> 
     </span>
     <span class='ocr_line' id='line_1_16' title="bbox 222 1473 1849 1529; baseline -0.001 -13"><span class='ocrx_word' id='word_1_101' title='bbox 222 1474 370 1516; x_wconf 86' lang='lat' dir='ltr'>Ilerde</span> <span class='ocrx_word' id='word_1_102' title='bbox 413 1488 465 1516; x_wconf 87' lang='lat' dir='ltr'>ae</span> <span class='ocrx_word' id='word_1_103' title='bbox 503 1474 688 1529; x_wconf 84' lang='lat' dir='ltr'>quidam</span> <span class='ocrx_word' id='word_1_104' title='bbox 730 1474 808 1515; x_wconf 86' lang='lat' dir='ltr'>alii</span> <span class='ocrx_word' id='word_1_105' title='bbox 849 1474 896 1515; x_wconf 90' lang='lat' dir='ltr'>in</span> <span class='ocrx_word' id='word_1_106' title='bbox 935 1488 1086 1516; x_wconf 87' lang='lat' dir='ltr'>necem</span> <span class='ocrx_word' id='word_1_107' title='bbox 1120 1475 1408 1528; x_wconf 84' lang='lat' dir='ltr'>quorundam</span> <span class='ocrx_word' id='word_1_108' title='bbox 1440 1473 1686 1515; x_wconf 87' lang='lat' dir='ltr'>scolarium</span> <span class='ocrx_word' id='word_1_109' title='bbox 1717 1473 1849 1516; x_wconf 88' lang='lat' dir='ltr'>insis-</span> 
     </span>
     <span class='ocr_line' id='line_1_17' title="bbox 225 1543 1849 1599; baseline -0.001 -13"><span class='ocrx_word' id='word_1_110' title='bbox 225 1545 420 1587; x_wconf 82' lang='lat' dir='ltr'>tencium</span> <span class='ocrx_word' id='word_1_111' title='bbox 461 1545 610 1588; x_wconf 87' lang='lat' dir='ltr'>studio</span> <span class='ocrx_word' id='word_1_112' title='bbox 644 1544 843 1587; x_wconf 84' lang='lat' dir='ltr'>civitatis</span> <span class='ocrx_word' id='word_1_113' title='bbox 877 1544 1077 1587; x_wconf 89' lang='lat' dir='ltr'>eiusdem</span> <span class='ocrx_word' id='word_1_114' title='bbox 1117 1544 1326 1599; x_wconf 86' lang='lat' dir='ltr'>nequiter</span> <span class='ocrx_word' id='word_1_115' title='bbox 1359 1543 1710 1599; x_wconf 74' lang='lat' dir='ltr'>conspirassent,</span> <span class='ocrx_word' id='word_1_116' title='bbox 1748 1557 1849 1599; x_wconf 89' lang='lat' dir='ltr'>pre-</span> 
     </span>
     <span class='ocr_line' id='line_1_18' title="bbox 224 1615 1850 1671; baseline -0.001 -14"><span class='ocrx_word' id='word_1_117' title='bbox 224 1618 492 1671; x_wconf 89' lang='lat' dir='ltr'>conceptum</span> <span class='ocrx_word' id='word_1_118' title='bbox 523 1629 664 1671; x_wconf 85' lang='lat' dir='ltr'>prave</span> <span class='ocrx_word' id='word_1_119' title='bbox 696 1615 983 1671; x_wconf 86' lang='lat' dir='ltr'>propositum</span> <span class='ocrx_word' id='word_1_120' title='bbox 1011 1615 1057 1656; x_wconf 91' lang='lat' dir='ltr'>in</span> <span class='ocrx_word' id='word_1_121' title='bbox 1081 1618 1232 1657; x_wconf 87' lang='lat' dir='ltr'>actum</span> <span class='ocrx_word' id='word_1_122' title='bbox 1256 1618 1424 1657; x_wconf 85' lang='lat' dir='ltr'>temere</span> <span class='ocrx_word' id='word_1_123' title='bbox 1448 1615 1732 1666; x_wconf 80' lang='lat' dir='ltr'>deducentes,</span> <span class='ocrx_word' id='word_1_124' title='bbox 1759 1627 1850 1656; x_wconf 91' lang='lat' dir='ltr'>non</span> 
     </span>
     <span class='ocr_line' id='line_1_19' title="bbox 226 1685 1848 1741; baseline -0.001 -13"><span class='ocrx_word' id='word_1_125' title='bbox 226 1688 414 1738; x_wconf 84' lang='lat' dir='ltr'>attento,</span> <span class='ocrx_word' id='word_1_126' title='bbox 461 1687 581 1741; x_wconf 86' lang='lat' dir='ltr'>quod</span> <span class='ocrx_word' id='word_1_127' title='bbox 626 1685 735 1728; x_wconf 87' lang='lat' dir='ltr'>dicti</span> <span class='ocrx_word' id='word_1_128' title='bbox 779 1685 978 1728; x_wconf 88' lang='lat' dir='ltr'>scolares</span> <span class='ocrx_word' id='word_1_129' title='bbox 1022 1685 1068 1727; x_wconf 92' lang='lat' dir='ltr'>in</span> <span class='ocrx_word' id='word_1_130' title='bbox 1114 1686 1247 1727; x_wconf 88' lang='lat' dir='ltr'>domo</span> <span class='ocrx_word' id='word_1_131' title='bbox 1286 1685 1475 1740; x_wconf 88' lang='lat' dir='ltr'>propria</span> <span class='ocrx_word' id='word_1_132' title='bbox 1513 1685 1637 1726; x_wconf 88' lang='lat' dir='ltr'>velut</span> <span class='ocrx_word' id='word_1_133' title='bbox 1672 1685 1717 1726; x_wconf 91' lang='lat' dir='ltr'>in</span> <span class='ocrx_word' id='word_1_134' title='bbox 1750 1687 1848 1726; x_wconf 86' lang='lat' dir='ltr'>tuto</span> 
     </span>
     <span class='ocr_line' id='line_1_20' title="bbox 224 1754 1850 1812; baseline -0.002 -14"><span class='ocrx_word' id='word_1_135' title='bbox 224 1755 401 1811; x_wconf 81' lang='lat' dir='ltr'>refugio</span> <span class='ocrx_word' id='word_1_136' title='bbox 457 1757 802 1812; x_wconf 79' lang='lat' dir='ltr'>permanebant,</span> <span class='ocrx_word' id='word_1_137' title='bbox 856 1760 1035 1798; x_wconf 87' lang='lat' dir='ltr'>armata</span> <span class='ocrx_word' id='word_1_138' title='bbox 1090 1770 1228 1798; x_wconf 86' lang='lat' dir='ltr'>manu</span> <span class='ocrx_word' id='word_1_139' title='bbox 1281 1757 1338 1797; x_wconf 90' lang='lat' dir='ltr'>ad</span> <span class='ocrx_word' id='word_1_140' title='bbox 1389 1755 1593 1811; x_wconf 87' lang='lat' dir='ltr'>ipsorum</span> <span class='ocrx_word' id='word_1_141' title='bbox 1646 1754 1850 1810; x_wconf 88' lang='lat' dir='ltr'>hospicia</span> 
     </span>
     <span class='ocr_line' id='line_1_21' title="bbox 225 1825 1849 1870; baseline -0.002 -1"><span class='ocrx_word' id='word_1_142' title='bbox 225 1830 514 1870; x_wconf 85' lang='lat' dir='ltr'>accesserunt</span> <span class='ocrx_word' id='word_1_143' title='bbox 543 1831 586 1869; x_wconf 87' lang='grc'>61</span> <span class='ocrx_word' id='word_1_144' title='bbox 610 1840 764 1869; x_wconf 86' lang='lat' dir='ltr'>eorum</span> <span class='ocrx_word' id='word_1_145' title='bbox 789 1828 946 1869; x_wconf 86' lang='lat' dir='ltr'>domos</span> <span class='ocrx_word' id='word_1_146' title='bbox 978 1827 1270 1869; x_wconf 76' lang='lat' dir='ltr'>tumultuosis</span> <span class='ocrx_word' id='word_1_147' title='bbox 1293 1840 1345 1868; x_wconf 91' lang='lat' dir='ltr'>ac</span> <span class='ocrx_word' id='word_1_148' title='bbox 1371 1826 1581 1868; x_wconf 79' lang='lat' dir='ltr'>violentis</span> <span class='ocrx_word' id='word_1_149' title='bbox 1604 1825 1849 1867; x_wconf 80' lang='lat' dir='ltr'>invasioni-</span> 
     </span>
     <span class='ocr_line' id='line_1_22' title="bbox 225 1895 1849 1953; baseline -0.001 -14"><span class='ocrx_word' id='word_1_150' title='bbox 225 1899 309 1940; x_wconf 90' lang='lat' dir='ltr'>bus</span> <span class='ocrx_word' id='word_1_151' title='bbox 352 1901 665 1953; x_wconf 82' lang='lat' dir='ltr'>expugnanter</span> <span class='ocrx_word' id='word_1_152' title='bbox 706 1900 1028 1953; x_wconf 87' lang='lat' dir='ltr'>percusserunt</span> <span class='ocrx_word' id='word_1_153' title='bbox 1074 1900 1118 1939; x_wconf 84' lang='lat' dir='ltr'>et</span> <span class='ocrx_word' id='word_1_154' title='bbox 1149 1897 1502 1939; x_wconf 84' lang='lat' dir='ltr'>vulneraverunt</span> <span class='ocrx_word' id='word_1_155' title='bbox 1535 1896 1736 1951; x_wconf 78' lang='lat' dir='ltr'>graviter</span> <span class='ocrx_word' id='word_1_156' title='bbox 1769 1895 1849 1937; x_wconf 89' lang='lat' dir='ltr'>ali-</span> 
     </span>
     <span class='ocr_line' id='line_1_23' title="bbox 227 1967 1850 2024; baseline -0.002 -13"><span class='ocrx_word' id='word_1_157' title='bbox 227 1983 339 2024; x_wconf 87' lang='lat' dir='ltr'>quos</span> <span class='ocrx_word' id='word_1_158' title='bbox 383 1982 436 2010; x_wconf 81' lang='lat' dir='ltr'>ex</span> <span class='ocrx_word' id='word_1_159' title='bbox 469 1968 651 2021; x_wconf 88' lang='lat' dir='ltr'>eisdem,</span> <span class='ocrx_word' id='word_1_160' title='bbox 685 1969 750 2012; x_wconf 90' lang='lat' dir='ltr'>sic</span> <span class='ocrx_word' id='word_1_161' title='bbox 784 1970 903 2024; x_wconf 87' lang='lat' dir='ltr'>quod</span> <span class='ocrx_word' id='word_1_162' title='bbox 938 1968 1122 2023; x_wconf 85' lang='lat' dir='ltr'>quidam</span> <span class='ocrx_word' id='word_1_163' title='bbox 1157 1981 1211 2009; x_wconf 81' lang='lat' dir='ltr'>ex</span> <span class='ocrx_word' id='word_1_164' title='bbox 1242 1967 1355 2023; x_wconf 88' lang='lat' dir='ltr'>ipsis</span> <span class='ocrx_word' id='word_1_165' title='bbox 1391 1967 1572 2009; x_wconf 88' lang='lat' dir='ltr'>fuerunt</span> <span class='ocrx_word' id='word_1_166' title='bbox 1601 1967 1647 2008; x_wconf 91' lang='lat' dir='ltr'>in</span> <span class='ocrx_word' id='word_1_167' title='bbox 1681 1980 1850 2021; x_wconf 82' lang='lat' dir='ltr'>expug-</span> 
     </span>
     <span class='ocr_line' id='line_1_24' title="bbox 225 2036 1850 2093; baseline -0.002 -12"><span class='ocrx_word' id='word_1_168' title='bbox 225 2039 414 2082; x_wconf 86' lang='lat' dir='ltr'>nacione</span> <span class='ocrx_word' id='word_1_169' title='bbox 456 2042 499 2081; x_wconf 91' lang='lat' dir='ltr'>et</span> <span class='ocrx_word' id='word_1_170' title='bbox 540 2039 774 2082; x_wconf 85' lang='lat' dir='ltr'>invasione</span> <span class='ocrx_word' id='word_1_171' title='bbox 805 2039 1066 2081; x_wconf 88' lang='lat' dir='ltr'>huiusmodi</span> <span class='ocrx_word' id='word_1_172' title='bbox 1097 2038 1372 2093; x_wconf 86' lang='lat' dir='ltr'>interempti.</span> <span class='ocrx_word' id='word_1_173' title='bbox 1437 2036 1639 2093; x_wconf 87' lang='lat' dir='ltr'>Cumque</span> <span class='ocrx_word' id='word_1_174' title='bbox 1672 2040 1850 2079; x_wconf 88' lang='lat' dir='ltr'>reatum</span> 
     </span>
     <span class='ocr_line' id='line_1_25' title="bbox 225 2108 1851 2164; baseline -0.002 -12"><span class='ocrx_word' id='word_1_175' title='bbox 225 2110 485 2152; x_wconf 87' lang='lat' dir='ltr'>huiusmodi</span> <span class='ocrx_word' id='word_1_176' title='bbox 528 2113 658 2152; x_wconf 88' lang='lat' dir='ltr'>tanto</span> <span class='ocrx_word' id='word_1_177' title='bbox 702 2110 1018 2152; x_wconf 86' lang='lat' dir='ltr'>vehemencius</span> <span class='ocrx_word' id='word_1_178' title='bbox 1064 2110 1353 2162; x_wconf 88' lang='lat' dir='ltr'>detestemus,</span> <span class='ocrx_word' id='word_1_179' title='bbox 1399 2111 1569 2164; x_wconf 89' lang='lat' dir='ltr'>quanto</span> <span class='ocrx_word' id='word_1_180' title='bbox 1608 2108 1765 2163; x_wconf 88' lang='lat' dir='ltr'>pocius</span> <span class='ocrx_word' id='word_1_181' title='bbox 1803 2108 1851 2149; x_wconf 91' lang='lat' dir='ltr'>in</span> 
     </span>
     <span class='ocr_line' id='line_1_26' title="bbox 225 2178 1851 2236; baseline -0.002 -13"><span class='ocrx_word' id='word_1_182' title='bbox 225 2181 349 2236; x_wconf 82' lang='lat' dir='ltr'>regie</span> <span class='ocrx_word' id='word_1_183' title='bbox 383 2180 572 2223; x_wconf 86' lang='lat' dir='ltr'>dicionis</span> <span class='ocrx_word' id='word_1_184' title='bbox 606 2183 914 2236; x_wconf 88' lang='lat' dir='ltr'>contemptum</span> <span class='ocrx_word' id='word_1_185' title='bbox 948 2184 992 2222; x_wconf 92' lang='lat' dir='ltr'>et</span> <span class='ocrx_word' id='word_1_186' title='bbox 1018 2180 1237 2223; x_wconf 90' lang='lat' dir='ltr'>lesionem</span> <span class='ocrx_word' id='word_1_187' title='bbox 1269 2180 1335 2222; x_wconf 90' lang='lat' dir='ltr'>rei</span> <span class='ocrx_word' id='word_1_188' title='bbox 1357 2179 1535 2235; x_wconf 88' lang='lat' dir='ltr'>publice</span> <span class='ocrx_word' id='word_1_189' title='bbox 1559 2181 1603 2220; x_wconf 90' lang='lat' dir='ltr'>et</span> <span class='ocrx_word' id='word_1_190' title='bbox 1626 2178 1851 2220; x_wconf 79' lang='lat' dir='ltr'>excidium</span> 
     </span>
     <span class='ocr_line' id='line_1_27' title="bbox 227 2251 1849 2307; baseline -0.001 -13"><span class='ocrx_word' id='word_1_191' title='bbox 227 2252 367 2295; x_wconf 85' lang='lat' dir='ltr'>studii</span> <span class='ocrx_word' id='word_1_192' title='bbox 388 2251 604 2307; x_wconf 84' lang='lat' dir='ltr'>prelibati</span> <span class='ocrx_word' id='word_1_193' title='bbox 626 2251 754 2294; x_wconf 91' lang='lat' dir='ltr'>illum</span> <span class='ocrx_word' id='word_1_194' title='bbox 776 2251 1112 2307; x_wconf 87' lang='lat' dir='ltr'>prospiciamus</span> <span class='ocrx_word' id='word_1_195' title='bbox 1137 2254 1423 2306; x_wconf 86' lang='lat' dir='ltr'>attemptum,</span> <span class='ocrx_word' id='word_1_196' title='bbox 1459 2285 1466 2291; x_wconf 96' lang='lat'>.</span> <span class='ocrx_word' id='word_1_197' title='bbox 1496 2285 1504 2292; x_wconf 93' lang='lat'><strong><em>.</em></strong></span> <span class='ocrx_word' id='word_1_198' title='bbox 1536 2284 1543 2291; x_wconf 95' lang='lat'><strong>.</strong></span> <span class='ocrx_word' id='word_1_199' title='bbox 1568 2251 1849 2302; x_wconf 82' lang='lat' dir='ltr'>mandamus,</span> 
     </span>
     <span class='ocr_line' id='line_1_28' title="bbox 227 2320 1850 2378; baseline -0.001 -14"><span class='ocrx_word' id='word_1_200' title='bbox 227 2326 451 2378; x_wconf 85' lang='lat' dir='ltr'>quatenus</span> <span class='ocrx_word' id='word_1_201' title='bbox 487 2356 494 2362; x_wconf 96' lang='lat'>.</span> <span class='ocrx_word' id='word_1_202' title='bbox 532 2355 539 2362; x_wconf 94' lang='lat'><strong>.</strong></span> <span class='ocrx_word' id='word_1_203' title='bbox 577 2356 584 2363; x_wconf 94' lang='lat'>.</span> <span class='ocrx_word' id='word_1_204' title='bbox 618 2322 862 2377; x_wconf 86' lang='lat' dir='ltr'>inquiratis</span> <span class='ocrx_word' id='word_1_205' title='bbox 901 2335 1038 2378; x_wconf 88' lang='lat' dir='ltr'>super</span> <span class='ocrx_word' id='word_1_206' title='bbox 1070 2321 1306 2377; x_wconf 87' lang='lat' dir='ltr'>premissis</span> <span class='ocrx_word' id='word_1_207' title='bbox 1340 2325 1382 2363; x_wconf 93' lang='lat' dir='ltr'>et</span> <span class='ocrx_word' id='word_1_208' title='bbox 1418 2355 1425 2362; x_wconf 94' lang='lat'>.</span> <span class='ocrx_word' id='word_1_209' title='bbox 1463 2355 1470 2362; x_wconf 94' lang='lat'><strong><em>.</em></strong></span> <span class='ocrx_word' id='word_1_210' title='bbox 1507 2355 1515 2362; x_wconf 92' lang='lat'><em>.</em></span> <span class='ocrx_word' id='word_1_211' title='bbox 1551 2334 1663 2376; x_wconf 89' lang='lat' dir='ltr'>quos</span> <span class='ocrx_word' id='word_1_212' title='bbox 1697 2320 1850 2375; x_wconf 89' lang='lat' dir='ltr'>culpa-</span> 
     </span>
     <span class='ocr_line' id='line_1_29' title="bbox 226 2391 1851 2447; baseline -0.002 -12"><span class='ocrx_word' id='word_1_213' title='bbox 226 2393 340 2435; x_wconf 85' lang='lat' dir='ltr'>biles</span> <span class='ocrx_word' id='word_1_214' title='bbox 388 2392 666 2445; x_wconf 83' lang='lat' dir='ltr'>inveneritis,</span> <span class='ocrx_word' id='word_1_215' title='bbox 711 2426 719 2434; x_wconf 88' lang='lat'><strong>.</strong></span> <span class='ocrx_word' id='word_1_216' title='bbox 756 2426 763 2434; x_wconf 92' lang='lat'><strong>.</strong></span> <span class='ocrx_word' id='word_1_217' title='bbox 799 2427 806 2434; x_wconf 96' lang='lat'>.</span> <span class='ocrx_word' id='word_1_218' title='bbox 855 2393 920 2435; x_wconf 88' lang='lat' dir='ltr'>sic</span> <span class='ocrx_word' id='word_1_219' title='bbox 967 2392 1209 2435; x_wconf 84' lang='lat' dir='ltr'>severitate</span> <span class='ocrx_word' id='word_1_220' title='bbox 1251 2392 1428 2434; x_wconf 88' lang='lat' dir='ltr'>iusticie</span> <span class='ocrx_word' id='word_1_221' title='bbox 1465 2391 1681 2447; x_wconf 83' lang='lat' dir='ltr'>puniatis,</span> <span class='ocrx_word' id='word_1_222' title='bbox 1731 2391 1851 2446; x_wconf 87' lang='lat' dir='ltr'>quod</span> 
     </span>
     <span class='ocr_line' id='line_1_30' title="bbox 229 2461 1851 2518; baseline -0.002 -13"><span class='ocrx_word' id='word_1_223' title='bbox 229 2464 473 2506; x_wconf 80' lang='lat' dir='ltr'>eorundem</span> <span class='ocrx_word' id='word_1_224' title='bbox 504 2476 622 2518; x_wconf 90' lang='lat' dir='ltr'>pena</span> <span class='ocrx_word' id='word_1_225' title='bbox 654 2462 714 2505; x_wconf 91' lang='lat' dir='ltr'>sit</span> <span class='ocrx_word' id='word_1_226' title='bbox 746 2465 872 2504; x_wconf 89' lang='lat' dir='ltr'>tante</span> <span class='ocrx_word' id='word_1_227' title='bbox 904 2463 1033 2506; x_wconf 90' lang='lat' dir='ltr'>limes</span> <span class='ocrx_word' id='word_1_228' title='bbox 1067 2463 1235 2506; x_wconf 86' lang='lat' dir='ltr'>offense</span> <span class='ocrx_word' id='word_1_229' title='bbox 1265 2465 1309 2506; x_wconf 85' lang='lat' dir='ltr'>et</span> <span class='ocrx_word' id='word_1_230' title='bbox 1339 2465 1513 2505; x_wconf 87' lang='lat' dir='ltr'>ceteros</span> <span class='ocrx_word' id='word_1_231' title='bbox 1544 2496 1552 2503; x_wconf 93' lang='lat'><em>.</em></span> <span class='ocrx_word' id='word_1_232' title='bbox 1577 2497 1584 2505; x_wconf 89' lang='lat'><strong><em>.</em></strong></span> <span class='ocrx_word' id='word_1_233' title='bbox 1609 2496 1617 2503; x_wconf 94' lang='lat'><em>.</em></span> <span class='ocrx_word' id='word_1_234' title='bbox 1642 2461 1851 2504; x_wconf 84' lang='lat' dir='ltr'>cohibeat</span> 
     </span>
     <span class='ocr_line' id='line_1_31' title="bbox 229 2532 1849 2589; baseline -0.002 -13"><span class='ocrx_word' id='word_1_235' title='bbox 229 2569 236 2575; x_wconf 91' lang='lat'><em>.</em></span> <span class='ocrx_word' id='word_1_236' title='bbox 264 2569 271 2575; x_wconf 93' lang='lat'>.</span> <span class='ocrx_word' id='word_1_237' title='bbox 298 2569 306 2575; x_wconf 91' lang='lat'><em>.</em></span> <span class='ocrx_word' id='word_1_238' title='bbox 330 2535 388 2576; x_wconf 90' lang='lat' dir='ltr'>Et</span> <span class='ocrx_word' id='word_1_239' title='bbox 421 2533 527 2588; x_wconf 84' lang='lat' dir='ltr'>quia</span> <span class='ocrx_word' id='word_1_240' title='bbox 559 2533 819 2575; x_wconf 89' lang='lat' dir='ltr'>huiusmodi</span> <span class='ocrx_word' id='word_1_241' title='bbox 844 2536 1209 2589; x_wconf 82' lang='lat' dir='ltr'>transgressores</span> <span class='ocrx_word' id='word_1_242' title='bbox 1237 2536 1391 2588; x_wconf 87' lang='lat' dir='ltr'>preter</span> <span class='ocrx_word' id='word_1_243' title='bbox 1413 2532 1673 2588; x_wconf 88' lang='lat' dir='ltr'>corporales</span> <span class='ocrx_word' id='word_1_244' title='bbox 1695 2545 1849 2587; x_wconf 86' lang='lat' dir='ltr'>penas,</span> 
     </span>
     <span class='ocr_line' id='line_1_32' title="bbox 228 2602 1850 2661; baseline -0.002 -14"><span class='ocrx_word' id='word_1_245' title='bbox 228 2618 342 2661; x_wconf 83' lang='lat' dir='ltr'>quas</span> <span class='ocrx_word' id='word_1_246' title='bbox 382 2604 495 2646; x_wconf 89' lang='lat' dir='ltr'>iuris</span> <span class='ocrx_word' id='word_1_247' title='bbox 538 2604 717 2646; x_wconf 88' lang='lat' dir='ltr'>sanccio</span> <span class='ocrx_word' id='word_1_248' title='bbox 759 2604 923 2646; x_wconf 88' lang='lat' dir='ltr'>merito</span> <span class='ocrx_word' id='word_1_249' title='bbox 966 2604 1031 2647; x_wconf 87' lang='lat' dir='ltr'>eis</span> <span class='ocrx_word' id='word_1_250' title='bbox 1073 2604 1233 2657; x_wconf 85' lang='lat' dir='ltr'>infert,</span> <span class='ocrx_word' id='word_1_251' title='bbox 1282 2604 1327 2645; x_wconf 93' lang='lat' dir='ltr'>in</span> <span class='ocrx_word' id='word_1_252' title='bbox 1374 2617 1515 2659; x_wconf 86' lang='lat' dir='ltr'>penas</span> <span class='ocrx_word' id='word_1_253' title='bbox 1563 2602 1850 2658; x_wconf 87' lang='lat' dir='ltr'>pecuniarias</span> 
     </span>
    </p>
   </div>
   <div class='ocr_carea' id='block_1_6' title="bbox 226 2719 1851 3058">
    <p class='ocr_par' dir='ltr' id='par_1_6' title="bbox 226 2719 1851 3058">
     <span class='ocr_line' id='line_1_33' title="bbox 296 2719 1851 2765; baseline -0.003 -10"><span class='ocrx_word' id='word_1_254' title='bbox 296 2722 349 2748; x_wconf 78' lang='lat'>606</span> <span class='ocrx_word' id='word_1_255' title='bbox 371 2721 395 2759; x_wconf 64' lang='lat'>¹)</span> <span class='ocrx_word' id='word_1_256' title='bbox 420 2721 493 2755; x_wconf 78' lang='lat' dir='ltr'>Auf</span> <span class='ocrx_word' id='word_1_257' title='bbox 519 2720 759 2764; x_wconf 80' lang='lat' dir='ltr'>angeklebtem</span> <span class='ocrx_word' id='word_1_258' title='bbox 786 2720 905 2754; x_wconf 79' lang='lat' dir='ltr'>Zettel.</span> <span class='ocrx_word' id='word_1_259' title='bbox 962 2720 1088 2754; x_wconf 86' lang='lat' dir='ltr'>Hinter</span> <span class='ocrx_word' id='word_1_260' title='bbox 1113 2721 1181 2754; x_wconf 87' lang='lat' dir='ltr'>den</span> <span class='ocrx_word' id='word_1_261' title='bbox 1205 2720 1391 2765; x_wconf 77' lang='lat' dir='ltr'>folgenden</span> <span class='ocrx_word' id='word_1_262' title='bbox 1411 2720 1548 2754; x_wconf 85' lang='lat' dir='ltr'>Namen</span> <span class='ocrx_word' id='word_1_263' title='bbox 1573 2719 1696 2753; x_wconf 80' lang='lat' dir='ltr'>stehen</span> <span class='ocrx_word' id='word_1_264' title='bbox 1722 2719 1758 2752; x_wconf 90' lang='lat' dir='ltr'>in</span> <span class='ocrx_word' id='word_1_265' title='bbox 1783 2719 1851 2752; x_wconf 89' lang='lat' dir='ltr'>den</span> 
     </span>
     <span class='ocr_line' id='line_1_34' title="bbox 227 2777 1850 2824; baseline -0.002 -10"><span class='ocrx_word' id='word_1_266' title='bbox 227 2781 303 2815; x_wconf 82' lang='grc'><strong>11161·</strong></span> <span class='ocrx_word' id='word_1_267' title='bbox 328 2780 575 2824; x_wconf 84' lang='lat' dir='ltr'>angegebenen</span> <span class='ocrx_word' id='word_1_268' title='bbox 588 2780 731 2814; x_wconf 74' lang='lat' dir='ltr'>Liicken</span> <span class='ocrx_word' id='word_1_269' title='bbox 757 2778 1040 2813; x_wconf 72' lang='lat' dir='ltr'>verschnorkelte</span> <span class='ocrx_word' id='word_1_270' title='bbox 1054 2779 1434 2821; x_wconf 83' lang='lat' dir='ltr'>Buchstabenzeichen,</span> <span class='ocrx_word' id='word_1_271' title='bbox 1461 2779 1610 2820; x_wconf 85' lang='lat' dir='ltr'>Kreuze,</span> <span class='ocrx_word' id='word_1_272' title='bbox 1637 2777 1850 2822; x_wconf 84' lang='lat' dir='ltr'>Schlangen-</span> 
     </span>
     <span class='ocr_line' id='line_1_35' title="bbox 226 2834 1850 2882; baseline -0.002 -9"><span class='ocrx_word' id='word_1_273' title='bbox 226 2839 335 2874; x_wconf 86' lang='lat' dir='ltr'>linien</span> <span class='ocrx_word' id='word_1_274' title='bbox 360 2850 446 2875; x_wconf 79' lang='lat' dir='ltr'>uSW.</span> <span class='ocrx_word' id='word_1_275' title='bbox 496 2839 611 2872; x_wconf 78' lang='lat' dir='ltr'>Etwas</span> <span class='ocrx_word' id='word_1_276' title='bbox 637 2840 753 2882; x_wconf 73' lang='lat' dir='ltr'>spater</span> <span class='ocrx_word' id='word_1_277' title='bbox 778 2838 865 2871; x_wconf 84' lang='lat' dir='ltr'>wird</span> <span class='ocrx_word' id='word_1_278' title='bbox 891 2834 995 2881; x_wconf 77' lang='lat' dir='ltr'>(CRD</span> <span class='ocrx_word' id='word_1_279' title='bbox 1025 2838 1067 2872; x_wconf 84' lang='lat'>10</span> <span class='ocrx_word' id='word_1_280' title='bbox 1077 2838 1157 2882; x_wconf 77' lang='lat'>783)</span> <span class='ocrx_word' id='word_1_281' title='bbox 1190 2849 1258 2872; x_wconf 84' lang='lat' dir='ltr'>von</span> <span class='ocrx_word' id='word_1_282' title='bbox 1283 2838 1441 2872; x_wconf 82' lang='lat' dir='ltr'>Bonanat</span> <span class='ocrx_word' id='word_1_283' title='bbox 1467 2837 1597 2881; x_wconf 75' lang='lat' dir='ltr'>Capera</span> <span class='ocrx_word' id='word_1_284' title='bbox 1622 2837 1698 2870; x_wconf 86' lang='lat' dir='ltr'>eine</span> <span class='ocrx_word' id='word_1_285' title='bbox 1724 2837 1850 2871; x_wconf 83' lang='lat' dir='ltr'>andere</span> 
     </span>
     <span class='ocr_line' id='line_1_36' title="bbox 228 2895 1849 2939; baseline -0.003 -7"><span class='ocrx_word' id='word_1_286' title='bbox 228 2898 506 2932; x_wconf 79' lang='lat' dir='ltr'>Geheimschrift</span> <span class='ocrx_word' id='word_1_287' title='bbox 531 2897 705 2931; x_wconf 77' lang='lat' dir='ltr'>zwisehen</span> <span class='ocrx_word' id='word_1_288' title='bbox 731 2896 803 2930; x_wconf 87' lang='lat' dir='ltr'>ihm</span> <span class='ocrx_word' id='word_1_289' title='bbox 829 2897 900 2930; x_wconf 89' lang='lat' dir='ltr'>und</span> <span class='ocrx_word' id='word_1_290' title='bbox 926 2896 963 2930; x_wconf 81' lang='lat' dir='ltr'>F.</span> <span class='ocrx_word' id='word_1_291' title='bbox 991 2897 1033 2930; x_wconf 87' lang='lat' dir='ltr'>de</span> <span class='ocrx_word' id='word_1_292' title='bbox 1059 2907 1085 2932; x_wconf 85' lang='grc'>5.</span> <span class='ocrx_word' id='word_1_293' title='bbox 1113 2896 1256 2939; x_wconf 85' lang='lat' dir='ltr'>Eulalia,</span> <span class='ocrx_word' id='word_1_294' title='bbox 1284 2897 1346 2930; x_wconf 87' lang='lat' dir='ltr'>der</span> <span class='ocrx_word' id='word_1_295' title='bbox 1364 2896 1399 2930; x_wconf 88' lang='lat' dir='ltr'>in</span> <span class='ocrx_word' id='word_1_296' title='bbox 1417 2897 1539 2930; x_wconf 83' lang='lat' dir='ltr'>Genua</span> <span class='ocrx_word' id='word_1_297' title='bbox 1555 2895 1849 2938; x_wconf 72' lang='lat' dir='ltr'>weilt,e1·wahntz</span> 
     </span>
     <span class='ocr_line' id='line_1_37' title="bbox 227 2954 1851 3001; baseline -0.003 -10"><span class='ocrx_word' id='word_1_298' title='bbox 227 2957 287 3001; x_wconf 82' lang='lat' dir='ltr'>La,</span> <span class='ocrx_word' id='word_1_299' title='bbox 318 2958 387 2991; x_wconf 89' lang='lat' dir='ltr'>hon</span> <span class='ocrx_word' id='word_1_300' title='bbox 413 2957 450 2991; x_wconf 81' lang='lat' dir='ltr'>fa</span> <span class='ocrx_word' id='word_1_301' title='bbox 486 2956 622 2990; x_wconf 84' lang='lat' dir='ltr'>mencio</span> <span class='ocrx_word' id='word_1_302' title='bbox 655 2956 697 2989; x_wconf 90' lang='lat' dir='ltr'>de</span> <span class='ocrx_word' id='word_1_303' title='bbox 735 2956 868 2997; x_wconf 79' lang='lat' dir='ltr'>florins,</span> <span class='ocrx_word' id='word_1_304' title='bbox 906 2966 943 2989; x_wconf 85' lang='grc'>56</span> <span class='ocrx_word' id='word_1_305' title='bbox 977 2957 1082 2989; x_wconf 88' lang='lat' dir='ltr'>enten</span> <span class='ocrx_word' id='word_1_306' title='bbox 1113 2955 1155 2989; x_wconf 87' lang='lat' dir='ltr'>de</span> <span class='ocrx_word' id='word_1_307' title='bbox 1187 2955 1301 2999; x_wconf 85' lang='lat' dir='ltr'>galees</span> <span class='ocrx_word' id='word_1_308' title='bbox 1334 2956 1375 2989; x_wconf 88' lang='lat' dir='ltr'>de</span> <span class='ocrx_word' id='word_1_309' title='bbox 1402 2956 1553 2997; x_wconf 79' lang='lat' dir='ltr'>Genova,</span> <span class='ocrx_word' id='word_1_310' title='bbox 1587 2965 1605 2988; x_wconf 92' lang='lat' dir='ltr'>e</span> <span class='ocrx_word' id='word_1_311' title='bbox 1637 2954 1679 2993; x_wconf 74' lang='lat' dir='ltr'>la,</span> <span class='ocrx_word' id='word_1_312' title='bbox 1712 2954 1781 2987; x_wconf 89' lang='lat' dir='ltr'>hon</span> <span class='ocrx_word' id='word_1_313' title='bbox 1814 2954 1851 2986; x_wconf 78' lang='lat' dir='ltr'>fa</span> 
     </span>
     <span class='ocr_line' id='line_1_38' title="bbox 227 3013 1212 3058; baseline -0.002 -9"><span class='ocrx_word' id='word_1_314' title='bbox 227 3016 363 3051; x_wconf 84' lang='lat' dir='ltr'>mencio</span> <span class='ocrx_word' id='word_1_315' title='bbox 389 3016 431 3049; x_wconf 88' lang='lat' dir='ltr'>de</span> <span class='ocrx_word' id='word_1_316' title='bbox 457 3014 585 3058; x_wconf 78' lang='lat' dir='ltr'>dobles,</span> <span class='ocrx_word' id='word_1_317' title='bbox 611 3025 648 3049; x_wconf 88' lang='lat' dir='ltr'>se</span> <span class='ocrx_word' id='word_1_318' title='bbox 674 3016 777 3048; x_wconf 87' lang='lat' dir='ltr'>enten</span> <span class='ocrx_word' id='word_1_319' title='bbox 803 3014 845 3048; x_wconf 84' lang='lat' dir='ltr'>de</span> <span class='ocrx_word' id='word_1_320' title='bbox 870 3013 984 3058; x_wconf 83' lang='lat' dir='ltr'>galees</span> <span class='ocrx_word' id='word_1_321' title='bbox 1004 3014 1046 3048; x_wconf 91' lang='lat' dir='ltr'>de</span> <span class='ocrx_word' id='word_1_322' title='bbox 1066 3013 1212 3048; x_wconf 81' lang='lat' dir='ltr'>Sahona.</span> 
     </span>
    </p>
   </div>
  </div>
 </body>
</html>
