2296 3512
872 193 1187 233 —919-

224 324 473 380 privilegs3
506 323 549 365 3.
580 322 851 376 konigliche
871 321 1163 374 Privilegien
1195 319 1299 362 sind
1332 331 1413 362 vor
1444 318 1532 361 den
1554 317 1842 360 stadtischen

643 406 697 436 zu
728 393 961 435 schiltzen.
1026 391 1137 433 1301
1171 390 1261 433 und
1296 390 1423 433 1302.

372 493 406 530 1.
426 488 645 530 Noverint
667 485 881 537 universi,
910 486 1043 540 quod,
1071 498 1172 526 cum
1198 497 1280 526 nos
1293 484 1321 525 J
1325 485 1492 526 acobus
1511 485 1592 525 eto.
1613 483 1670 524 ad
1687 493 1843 536 preces

228 566 271 603 et
294 559 640 615 suplicationem
663 555 975 599 universitatis
1002 555 1246 598 scolarium
1272 554 1318 596 in
1341 554 1490 596 studio
1515 552 1715 609 generali
1738 551 1844 593 civi-

227 631 336 673 tatis
368 629 611 673 Ilerdensis
644 627 922 670 studentium
951 625 1299 681 providerimus,
1334 626 1453 680 quod
1485 628 1547 677 tu,
1580 624 1626 665 P.
1661 623 1714 665 de
1737 620 1845 664 Cro-

228 702 328 744 aria
361 702 414 742 de
448 701 579 742 domo
622 701 779 741 nostra
823 697 1024 740 resideas
1068 696 1114 738 in
1163 695 1346 738 civitate
1378 695 1524 737 Ilerde
1562 707 1645 750 pro
1685 693 1845 736 dandis

228 771 446 828 hospiciis
488 771 620 812 dictis
655 768 906 812 scolaribus
940 770 984 809 et
1015 780 1099 823 pro
1134 767 1405 822 quibusdam
1439 765 1538 807 aliis
1572 763 1770 818 negociis
1804 770 1848 805 et

229 841 432 885 serviciis
470 841 582 897 ipsis
617 839 868 883 scolaribus
901 838 1139 880 faciendis:
1173 836 1341 879 idcirco
1376 837 1535 878 damus
1569 838 1612 877 et
1645 833 1848 876 concedi-

228 927 329 956 mus
362 912 459 964 tibi,
497 911 712 968 quamdiu
744 909 885 952 fueris
918 910 964 951 in
996 908 1227 965 predictis,
1261 908 1362 949 ΙΙΠ.
1397 908 1550 948 denar.
1582 907 1703 948 Jacc.
1740 918 1848 960 qua-

228 985 339 1027 libet
388 983 457 1025 die
492 1017 499 1024 .
545 1017 552 1023 .
589 1017 595 1023 .
676 982 778 1023 Dat.
812 980 958 1022 Ilerde
990 980 1092 1021 IIII.
1131 979 1232 1021 idus
1267 977 1463 1033 Augusti
1497 990 1613 1019 anno
1645 976 1849 1032 predicto

232 1055 445 1110 [1301].1)

373 1151 411 1190 2.
439 1182 447 1190 .
469 1183 476 1189 .
498 1183 505 1190 .
532 1148 737 1202 Adhuc2)
764 1146 964 1189 volentes
989 1144 1242 1188 scolaribus
1269 1142 1555 1186 studentibus
1587 1141 1634 1183 in
1665 1154 1851 1196 genera-

230 1221 263 1262 li
305 1220 455 1263 studio
505 1217 725 1261 Ilerdensi
773 1217 952 1259 exibere
997 1216 1216 1267 favorem,
1264 1217 1401 1269 prout
1449 1226 1475 1254 a
1522 1211 1652 1254 nobis
1700 1211 1851 1266 sepius

230 1291 537 1349 postularunt,
580 1292 623 1331 et
656 1288 762 1344 quia
808 1302 897 1329 non
951 1288 1090 1338 decet,
1146 1286 1265 1341 quod
1317 1283 1605 1327 studentibus
1651 1281 1854 1337 proiberi

233 1362 401 1404 directe
443 1360 514 1403 vel
546 1359 764 1402 indirecte
808 1359 1001 1400 debeant
1043 1356 1259 1398 victualia
1297 1355 1500 1398 saniora:
1534 1353 1777 1396 statuimus
1811 1355 1854 1394 et

232 1433 456 1485 volumus,
503 1432 623 1487 quod
670 1430 790 1472 infra
835 1429 1002 1472 limites
1050 1442 1132 1484 per
1178 1427 1467 1483 privilegium
1516 1438 1752 1467 concessos
1797 1425 1853 1467 ad

232 1503 567 1546 habitat-ionem
586 1501 830 1544 scolarium
848 1502 1004 1556 posset
1022 1499 1155 1541 vendi
1186 1499 1339 1540 vinum
1364 1500 1643 1548 extraneum,
1668 1497 1855 1550 excepto

233 1577 436 1630 tempore
482 1576 654 1616 statuto
699 1573 744 1614 in
788 1570 1027 1628 privilegio
1070 1569 1239 1612 domini
1281 1569 1401 1623 regis
1433 1567 1605 1610 Jacobi.
1670 1567 1772 1608 Dat.
1807 1568 1857 1607 ut

234 1660 374 1702 supra
406 1644 755 1701 [Cesarauguste
782 1643 884 1685 IIII.
918 1655 1061 1684 nonas
1095 1640 1236 1683 Madii
1269 1652 1386 1682 anno
1420 1637 1589 1681 domini
1623 1635 1854 1693 MCGGII].

375 1739 478 1780 Fuit
533 1737 704 1780 tradita
758 1736 848 1778 alia
906 1735 1042 1777 litera
1099 1733 1346 1777 consimilis
1397 1732 1560 1775 nuncio
1613 1732 1858 1774 scolarium

234 1810 477 1853 Ilerdensis
511 1810 662 1852 studii.

378 1907 416 1948 3.
439 1903 571 1947 Curie
592 1906 635 1946 et
652 1902 869 1959 paciariis
895 1901 1094 1943 civitatis
1118 1900 1264 1942 Ilerde
1288 1902 1368 1941 etc.
1405 1897 1517 1941 Cum
1541 1911 1624 1940 nos
1648 1911 1701 1939 ex
1729 1896 1859 1939 affec-

237 1977 377 2028 cione,
419 1990 553 2031 quani
586 1976 803 2017 habemus
838 1975 895 2015 ad
927 1972 1140 2029 generale
1173 1971 1373 2013 studium
1404 1969 1633 2011 llerdense
1665 1982 1746 2024 per
1778 1981 1859 2010 nos

237 2048 283 2089 in
308 2047 491 2089 civitate
518 2047 724 2102 predicta
756 2045 1055 2088 constitutum
1077 2043 1148 2085 vel
1173 2043 1310 2085 etiam
1333 2042 1606 2092 ordinatum,
1630 2051 1860 2081 conoesse-

237 2118 381 2161 rimus
422 2117 711 2160 universitati
753 2116 976 2158 dictorum
1009 2115 1336 2170 magistrorum
1371 2117 1414 2154 et
1446 2110 1689 2155 scolarium
1723 2109 1862 2152 studii

239 2188 491 2246 supradicti
518 2188 699 2230 diversa
730 2187 971 2243 privilegia
1003 2187 1056 2228 de
1089 2185 1246 2241 gracia
1278 2183 1479 2240 speciali,
1512 2182 1727 2233 volentes,
1763 2215 1770 2222 .
1808 2214 1815 2221 .
1852 2214 1860 2221 .

239 2263 289 2302 ut
322 2260 555 2302 studentes
587 2259 755 2301 ibidem
785 2258 963 2314 possint
990 2255 1179 2313 provehi
1203 2256 1259 2297 ad
1282 2254 1524 2298 scienciam
1548 2256 1591 2295 et
1613 2253 1671 2295 ad
1692 2264 1861 2294 mores:

240 2345 341 2374 cum
383 2343 464 2373 vos
508 2332 644 2372 etiam
677 2329 878 2386 predicte
910 2327 1201 2371 universitati
1233 2326 1516 2369 studencium
1549 2321 1863 2366 concesseritis

386 2495 410 2539 l)
436 2495 519 2539 Reg.
549 2494 614 2529 125
633 2494 658 2529 f.
685 2493 730 2528 89
760 2492 867 2536 Klage
894 2492 989 2526 eines
1014 2492 1169 2536 Biirgers
1194 2501 1263 2525 von
1280 2490 1421 2524 Lerida:
1440 2488 1596 2533 obgleich
1615 2488 1710 2521 seine
1728 2487 1866 2521 Hauser

241 2565 311 2589 non
349 2555 419 2588 sint
454 2553 549 2587 infra
585 2552 713 2587 limites
751 2551 986 2595 hospiciorum
1017 2550 1270 2595 assignatorum
1300 2547 1507 2582 habitacioni
1534 2547 1755 2581 studencium
1783 2573 1789 2579 .
1818 2573 1824 2579 .
1854 2571 1860 2577 .

241 2613 338 2648 nulla
355 2613 590 2647 convencione
604 2611 721 2645 habita
735 2622 815 2644 cum
829 2620 868 2644 eo
884 2620 990 2653 super
1002 2608 1155 2654 loguerio
1170 2609 1352 2642 domorum
1372 2607 1525 2651 ipsarum
1551 2605 1794 2649 compulerunt
1808 2633 1815 2640 .
1832 2633 1839 2639 .
1858 2631 1864 2637 .

242 2673 355 2717 ipsum
392 2672 435 2706 ad
472 2671 679 2705 tradendum
717 2669 846 2703 eisdem
885 2669 1004 2702 domos
1042 2667 1217 2712 magistris
1255 2668 1289 2701 31
1319 2665 1394 2701 aliis
1420 2664 1640 2699 venientibus
1666 2663 1708 2698 ab
1735 2663 1867 2697 dictum

242 2732 395 2768 studium
421 2741 483 2775 pro
508 2729 725 2764 habitacione
751 2728 915 2772 ipsorum.
966 2726 1021 2761 30.
1048 2726 1142 2770 Sept.
1171 2725 1271 2761 1302.

386 2802 412 2847 2)
439 2804 494 2836 An
520 2800 719 2835 Bernardus
739 2799 780 2833 de
800 2799 909 2833 Ponte
928 2797 1089 2831 Vicarius
1107 2796 1307 2831 Ilerdensis.
1358 2795 1593 2838 Abandemng
1610 2794 1705 2828 eines
1723 2793 1867 2833 Statuts,

244 2863 323 2897 dass
360 2862 396 2895 in
433 2860 559 2895 Lerida
595 2860 631 2893 in
669 2859 731 2892 der
763 2858 838 2892 Zeit
869 2868 935 2891 von
968 2855 1217 2900 Allerheiligen
1241 2855 1294 2889 bis
1319 2854 1446 2889 Ostern
1470 2853 1549 2887 kein
1575 2852 1680 2886 Wein
1705 2851 1869 2886 verkauft

243 2922 385 2956 werden
417 2920 504 2954 darf.
539 2940 582 2944 —-
614 2918 699 2962 Reg.
729 2916 795 2951 199
813 2917 838 2953 f.
868 2918 932 2950 114
960 2915 1194 2959 Abanderung
1225 2915 1285 2948 des
1311 2913 1496 2958 Piivilegs:
1528 2913 1619 2946 Item
1645 2910 1868 2946 concedimus

245 2982 281 3015 et
317 2980 498 3015 laudamus
536 2979 596 3011 fiir
633 2977 688 3011 die
717 2975 945 3011 Universitat.
996 2973 1074 3018 Vgl.
1102 2973 1320 3016 Villanueva,
1353 2972 1462 3017 Viage
1487 2971 1638 3005 literario
1664 2970 1762 3012 XVI,
1788 2968 1867 3004 205.
