2296 3512
905 269 1219 309 —915—

248 388 430 432 fuerunt
462 393 655 446 quedam
689 427 696 434 .
733 427 741 434 .
779 427 786 434 .
822 393 976 436 tunica
1009 398 1053 437 et
1075 397 1306 451 gramasia
1332 399 1390 440 ad
1417 412 1530 455 opus
1553 403 1759 443 nostrum
1786 436 1792 443 .
1826 436 1833 443 .
1861 443 1869 451 ,

249 459 362 501 Item
402 462 626 515 quendam
658 463 839 516 librum,
873 465 951 519 qui
981 465 1160 521 incipit:
1203 468 1409 511 Lacrime
1442 471 1497 512 de
1527 470 1658 523 Dieu,
1693 472 1871 515 domine

248 529 401 584 regine
433 533 632 574 consorti
664 536 830 576 nostre.
895 535 1005 577 Item
1049 538 1272 592 quendam
1310 539 1448 581 alium
1480 540 1662 595 librum,
1698 542 1772 597 qui
1803 543 1870 585 in-

248 599 375 655 cipit:
409 601 513 644 Flos
547 603 787 658 virginum,
823 604 965 647 eidem
999 608 1198 649 consorti
1230 613 1384 651 nostre
1419 645 1426 651 .
1462 645 1469 652 .

390 681 481 717 CRD
508 684 576 718 549
604 694 631 718 5.
663 685 690 718 f.
723 685 885 730 Konzept
915 686 998 731 Pap.
1049 687 1355 725 Wahrscheinlich
1381 702 1443 726 6115
1476 693 1537 727 der
1562 693 1636 727 Zeit
1665 694 1750 728 kurz
1781 695 1870 730 nach

246 740 308 774 der
333 740 588 776 sizilianischen
613 743 835 788 Kriegsfahrt
860 747 1066 780 stammend.

247 860 342 900 587.
388 860 636 914 Vorgehen
680 874 828 917 gegen
873 864 948 907 die
987 866 1494 920 Alexandrienfahrer3
1540 872 1868 916 verschiedene

568 931 846 976 Gutachten.
909 934 1119 990 (Anfang
1150 937 1230 980 (165
1264 938 1332 981 14.
1358 940 1547 996 Jahrh.)

391 1028 425 1066 1.
461 1026 704 1070 Ombertus
739 1030 792 1070 de
826 1027 985 1085 Capite
1018 1031 1170 1086 pontis
1209 1032 1361 1088 legum
1393 1034 1627 1089 professor
1659 1039 1702 1078 et
1734 1038 1867 1079 devo-

244 1097 316 1136 tus
355 1094 491 1137 iudex
534 1098 655 1140 curie
701 1103 848 1142 vestre
882 1103 925 1142 et
966 1102 1228 1145 Bernardus
1269 1103 1418 1146 Maior
1455 1105 1638 1149 humilis
1672 1107 1868 1163 scriptor

242 1168 392 1208 vester
425 1201 432 1208 .
468 1201 476 1208 .
514 1202 521 1209 .
564 1169 616 1210 In
655 1169 777 1212 facto
816 1171 1130 1226 inquisicionis
1169 1173 1447 1217 Alexandrie
1486 1177 1786 1231 procedimus,
1820 1179 1868 1221 in

244 1240 464 1290 quantum
507 1252 748 1294 possumus
791 1242 986 1284 viriliter
1019 1247 1062 1285 et
1103 1246 1327 1299 potenter,
1366 1246 1639 1301 publicando
1680 1248 1868 1303 inquisi-

243 1306 392 1351 ciones
425 1314 585 1351 contra
616 1311 734 1364 illos,
770 1326 882 1367 quos
916 1313 1166 1370 culpabiles
1189 1316 1454 1371 reperimus.
1510 1316 1588 1360 Set
1610 1318 1870 1362 deffendunt

242 1391 288 1420 se
323 1378 561 1434 allegando
584 1382 838 1439 privilegia,
861 1383 1166 1440 franquitates
1191 1390 1233 1428 et
1261 1386 1571 1441 deffensiones,
1591 1403 1702 1445 quas
1726 1391 1868 1433 omni-

240 1450 374 1492 modo
400 1451 659 1495 adinvenire
682 1454 889 1496 nituntur
913 1490 920 1496 .
943 1490 950 1496 .
973 1489 980 1496 .
1012 1456 1063 1499 In
1082 1457 1210 1499 brevi
1231 1458 1398 1514 plures,
1428 1461 1783 1516 condempnatos
1811 1464 1867 1504 ad

241 1519 413 1562 curiam
426 1523 782 1578 transmitemus,
802 1525 841 1568 si
852 1527 979 1581 prius
1001 1527 1153 1569 venire
1171 1528 1400 1571 noluerint
1418 1543 1557 1573 causa
1572 1533 1868 1587 componendi

242 1624 249 1630 .
277 1624 283 1630 .
311 1624 318 1631 .
355 1590 500 1647 Super
537 1594 657 1636 facto
690 1595 870 1638 ι15566111
895 1596 1031 1640 Viues
1053 1598 1188 1641 Judei
1222 1600 1434 1653 defuncti,
1467 1604 1604 1656 prout
1635 1603 1764 1646 vobis
1786 1617 1869 1659 per

238 1661 457 1705 Romeum
486 1663 671 1707 Geraldi
703 1667 983 1722 scripsimus,
1017 1669 1224 1725 diligenti
1254 1670 1552 1727 inquisicione
1578 1674 1866 1728 procedimus

237 1731 506 1787 inquirendo
541 1740 584 1778 et
615 1737 707 1779 iam
742 1738 1011 1793 invenimus,
1053 1742 1171 1796 quod
1204 1742 1358 1797 plures
1392 1745 1638 1787 comandas
1670 1744 1777 1787 fecit
1809 1746 1866 1787 ad

238 1806 393 1858 partes
434 1806 724 1861 Alexandrie,
769 1812 812 1851 et
855 1824 946 1853 non
987 1811 1262 1864 invenimus,
1306 1814 1426 1868 quod
1465 1815 1517 1855 de
1551 1815 1759 1859 omnibus
1793 1829 1869 1858 co-

239 1875 416 1918 mandis
455 1877 591 1920 fuerit
631 1879 881 1923 absolutus.
951 1882 1010 1923 Et
1041 1882 1142 1925 ideo
1177 1887 1336 1925 caveat
1367 1888 1521 1927 vestra
1552 1885 1681 1941 regia
1711 1900 1868 1942 mage-

238 1948 347 1997 stas,
380 1960 434 1989 ne
467 1949 731 2005 decipiatur,
765 1952 803 1993 si
827 1953 880 1994 de
903 1953 1230 2008 compositione
1256 1957 1492 2008 tractetur,
1517 1956 1626 2013 quia
1648 1957 1861 2011 multum,

238 2020 375 2071 prout
405 2018 723 2073 intelleximus,
747 2022 794 2064 in
818 2022 993 2067 diviciis
1026 2024 1335 2067 habundabat.
1348 2026 1384 2080 2)
1449 2027 1552 2068 Dat.
1580 2028 1864 2071 Barchinone

239 2091 401 2142 quarto
433 2090 651 2134 kalendas
686 2093 976 2148 Septembris.
992 2096 1026 2149 1)

378 2170 425 2213 2.)
450 2171 488 2208 P.
515 2172 624 2207 Marci
656 2174 893 2210 thesaurarius
926 2187 969 2210 an
1001 2177 1068 2211 den
1093 2178 1222 2222 Kbnig:
1255 2178 1432 2213 Diffinitio
1458 2190 1581 2223 wegen
1612 2180 1710 2214 einer
1740 2183 1865 2215 naveta

237 2227 297 2262 des
322 2228 451 2263 Bernat
476 2232 517 2264 de
543 2231 678 2276 Mooya,
717 2244 783 2278 que
810 2245 870 2269 era
906 2236 1015 2270 anada
1040 2236 1111 2271 ales
1149 2239 1266 2281 partes
1304 2238 1345 2271 de
1372 2237 1585 2272 Alexandria
1622 2250 1684 2283 per
1709 2240 1751 2274 V.
1777 2240 1861 2277 mill.

236 2286 296 2321 sol.
346 2288 408 2322 Als
441 2290 494 2324 die
520 2290 612 2325 Nota
642 2292 703 2326 der
736 2295 831 2328 carta
862 2295 1024 2339 gemacht
1054 2296 1185 2339 wurde,
1221 2296 1368 2331 erklarte
1401 2297 1456 2331 die
1481 2297 1597 2332 Partei
1630 2299 1691 2333 des
1721 2298 1861 2341 Bernat,

236 2346 284 2380 sie
316 2348 442 2382 116111116
475 2349 523 2383 516
556 2350 661 2393 nieht,
694 2362 797 2386 wenn
830 2353 927 2387 darin
959 2355 1080 2388 stande
1112 2355 1225 2397 ,havia
1254 2357 1415 2399 portades
1448 2367 1544 2391 coses
1575 2358 1748 2392 vedades‘.
1798 2358 1863 2392 Die

236 2405 345 2440 Sache
371 2407 436 2441 sei:
462 2408 502 2442 B.
529 2409 571 2442 (16
596 2409 721 2454 Mooya
746 2422 826 2447 war.
853 2412 903 2446 als
928 2413 973 2447 fr.
992 2413 1107 2457 Roger
1133 2415 1309 2449 ermordet
1332 2416 1463 2458 wurde,
1489 2416 1526 2449 in
1550 2416 1656 2460 jenen
1675 2417 1862 2461 Gegenden

235 2464 436 2509 Romanias3
458 2467 520 2500 der
534 2468 657 2502 Kaiser
677 2469 757 2504 liess
777 2470 838 2504 ihn
852 2471 1028 2516 gesangen
1048 2475 1178 2507 setzen.
1219 2473 1401 2508 wem-end
1419 2474 1532 2509 seiner
1558 2475 1863 2520 Gesangenschaft

233 2523 313 2559 liess
340 2536 378 2558 er
403 2526 463 2560 das
482 2526 595 2561 Schiff
621 2528 735 2562 einem
753 2529 945 2573 Genuesen,
966 2531 1027 2565 der
1045 2542 1081 2565 es
1098 2532 1163 2566 mit
1178 2532 1285 2567 Fusta
1309 2533 1381 2567 und
1398 2534 1527 2568 andere
1545 2533 1682 2568 Sachen
1707 2534 1853 2569 beladen

234 2584 322 2618 nach
350 2584 581 2620 Alexandrien
606 2587 699 2623 fuhr.
745 2588 867 2623 Dieses
895 2590 1012 2624 wurde
1038 2601 1105 2625 von
1130 2592 1150 2625 5
1171 2592 1309 2636 Zeugen
1334 2592 1462 2637 bejaht.
1511 2593 1620 2627 Bittet
1644 2604 1705 2628 um
1730 2594 1861 2628 andere

233 2642 495 2689 Entscheidung
520 2646 630 2680 (1111611
655 2647 694 2680 Β.
721 2649 864 2682 Averso.
915 2648 962 2682 Er
986 2649 1078 2683 kann
1104 2661 1140 2684 es
1166 2650 1274 2694 nicht,
1307 2662 1366 2686 661
1391 2662 1435 2685 611
1460 2652 1492 2686 16
1516 2652 1635 2697 poder,
1662 2663 1728 2697 que
1753 2653 1858 2687 donat

232 2712 289 2736 1116
314 2702 446 2746 havets,
472 2715 516 2737 ne
542 2705 663 2739 havets
689 2709 858 2750 acceptat:
887 2718 984 2742 60565
1009 2709 1168 2745 vedades.
1219 2709 1410 2745 Barcelona
1434 2711 1554 2745 derrer
1579 2711 1635 2745 dia
1658 2711 1789 2746 Dabril.

375 2762 422 2807 3.)
446 2763 639 2798 Thesaurar
663 2765 701 2799 P.
727 2766 836 2800 Marci
861 2777 905 2800 an
931 2767 999 2801 den
1023 2768 1151 2812 Konig:
1182 2769 1293 2803 Micer
1317 2769 1487 2804 Umberto
1513 2780 1557 2804 611
1581 2770 1702 2805 Jacme
1727 2770 1854 2815 Monge

232 2820 355 2865 iutges,
392 2823 464 2857 und
489 2823 528 2857 B.
554 2824 666 2867 Major
703 2825 835 2859 senden
860 2825 1051 2860 Schreiben
1088 2827 1150 2861 der
1178 2828 1262 2862 feits
1288 2828 1330 2863 de
1356 2828 1578 2865 Alexandria.
1629 2828 1729 2863 Nach
1759 2829 1856 2863 ihrer

234 2881 468 2916 Kommission
494 2883 631 2917 konnen
655 2883 704 2917 sie
730 2895 797 2917 nur
814 2885 990 2929 vorgehen
1015 2896 1140 2930 gegen:
1168 2897 1235 2930 que
1259 2887 1296 2920 hi
1321 2897 1384 2922 son
1410 2890 1508 2922 anats
1528 2897 1546 2922 ο
1571 2887 1608 2921 111
1633 2888 1704 2922 11611
1730 2890 1861 2922 trames

377 2988 401 3033 ¹)
428 2988 613 3023 Ombertus
638 2989 740 3024 bittet
766 2993 880 3036 spater
904 2990 1015 3035 gleich
1042 2991 1137 3026 seine
1155 2992 1401 3038 Forderungen
1424 3003 1486 3028 aus
1511 2993 1643 3028 diesem
1661 2992 1768 3028 Gelda
1794 2994 1855 3027 des

234 3047 349 3081 Juden
374 3059 418 3082 zu
443 3049 591 3083 decken!

1645 3122 1716 3157 58*
