2296 3512
1062 259 1376 300 —858—

408 385 532 427 betr.
558 385 879 439 Aufertigung
911 397 999 428 von
1031 385 1355 429 Dokumcnten
1387 387 1533 430 durch
1565 388 1828 431 kirchliche
1859 389 2029 431 Notare

413 455 701 498 aufzuheben
739 456 853 498 oder
892 456 1303 499 einzuschriinken.
1365 458 1654 501 villafranca
1693 458 1804 501 1322
1842 460 1956 503 Juni
1986 459 2029 500 6.

553 548 750 592 Jacobus
791 552 872 591 etc.
906 551 1152 593 reverendo
1187 585 1195 592 .
1231 585 1239 592 .
1274 585 1282 592 .
1316 552 1524 595 Eximino
1559 586 1567 593 .
1604 586 1611 593 .
1648 587 1656 594 .
1692 553 2030 608 archiepiscopo

412 620 771 662 Tarrachonensi
810 633 862 662 ac
895 620 1226 664 venerabilibus
1268 622 1456 678 prelatis
1491 626 1533 665 et
1571 623 1673 666 aliis
1705 623 1751 665 in
1782 623 2031 665 Tarracho-

413 689 541 732 nensi
574 691 761 732 concilio
790 691 1076 746 congregatis
1099 691 1292 734 salutem
1323 696 1401 735 etc.
1444 694 1562 735 Bene
1585 694 1807 736 credimus
1831 707 1857 735 a
1879 696 2033 735 vestra

413 773 501 802 non
535 761 754 804 excidisse
786 761 1019 815 memoria,
1053 762 1249 818 qualiter
1285 764 1452 806 dudum
1484 778 1565 807 nos
1607 765 1808 807 volentes
1844 764 2032 806 scanda-

413 830 469 873 lis
509 834 552 873 et
594 831 821 887 periculis,
864 846 950 888 que
992 846 1045 875 ex
1086 847 1404 889 perversorum
1446 835 1710 878 clericorum
1755 834 1888 877 factis
1928 846 2032 889 pro-

413 905 632 944 venerunt
678 905 720 944 et
766 903 919 959 sepius
966 904 1237 959 proveniunt
1288 907 1442 947 nostre
1494 905 1559 948 rei
1611 905 1788 961 publice
1840 904 2033 947 nostris-

415 986 499 1027 que
540 973 768 1023 subiectis,
813 973 1011 1026 obviare,
1050 977 1253 1030 tempore
1294 976 1529 1018 reverendi
1567 976 1681 1018 bone
1722 975 1938 1018 memorie
1979 973 2032 1016 G.

400 1043 797 1087 'Tarrachonensis
825 1045 1153 1100 archiepiscopi
1184 1046 1514 1101 predecessoris
1540 1047 1695 1099 vestri,
1729 1047 1837 1088 dicti
1864 1045 2034 1088 archie-

414 1114 604 1170 piscopi,
637 1115 943 1170 provisionem
977 1117 1204 1171 quandam
1236 1115 1438 1168 fecimus,
1470 1130 1554 1172 pro
1588 1131 1677 1172 qua
1710 1131 1864 1159 eorum
1898 1117 2032 1158 auda-

416 1185 485 1227 cia
517 1186 599 1227 sub
632 1185 745 1228 iuris
777 1186 1003 1229 miniculis
1035 1190 1213 1228 retenta
1246 1187 1303 1228 ad
1328 1187 1486 1242 peiora
1507 1188 1690 1229 minime
1712 1187 2033 1230 retraheretur.

402 1255 564 1307 Quam
598 1256 703 1311 quia
737 1256 883 1299 dictus
914 1257 1208 1312 predecessor
1239 1258 1392 1310 vestri,
1428 1258 1518 1300 iam
1552 1258 1661 1300 dicti
1694 1257 2034 1313 archiepiscopi,

417 1330 576 1369 contra
606 1327 864 1370 libertatem
895 1327 1248 1371 ecclesiasticam
1281 1329 1449 1371 editam
1472 1328 1568 1371 fore
1592 1329 1782 1381 dicebat,
1806 1329 1911 1371 licet
1933 1342 2037 1370 con-

416 1398 609 1440 trarium
652 1399 783 1441 nobis
831 1402 873 1440 et
921 1402 1077 1441 nostro
1126 1399 1313 1443 consilio
1361 1399 1609 1452 videretur,
1659 1403 1702 1442 et
1749 1399 2038 1456 supplicabat

416 1468 560 1519 nobis,
585 1471 634 1510 ut
662 1482 759 1511 eam
793 1469 951 1512 tollere
974 1470 1252 1522 deberemus,
1287 1470 1563 1526 subiungens
1596 1484 1643 1514 se
1666 1474 1877 1526 paratum
1902 1482 2038 1525 super

416 1539 652 1594 premissis
686 1544 932 1582 convocato
967 1541 1155 1583 concilio
1188 1541 1326 1583 talem
1350 1542 1598 1584 remedium
1622 1541 1847 1594 adhibere,
1872 1542 1925 1583 de
1949 1553 2037 1596 quo

417 1622 499 1652 nos
518 1610 716 1652 contenti
740 1624 952 1663 essemus,
977 1611 1292 1667 suspendimus
1317 1613 1410 1655 eius
1435 1612 1651 1654 effectum.
1704 1613 1863 1654 Dictus
1887 1615 2038 1654 autem

416 1681 711 1736 predecessor
748 1682 901 1733 vestri,
936 1682 1045 1724 dicti
1084 1682 1425 1739 archiepiscopi,
1457 1686 1646 1739 propter
1684 1683 1887 1739 corporis
1918 1682 2038 1724 vale-

417 1751 620 1794 tudinem
662 1753 718 1794 ad
759 1752 906 1795 locum
948 1753 1353 1809 Montispessulani
1394 1754 1553 1796 habuit
1593 1767 1640 1796 se
1682 1753 1930 1796 transferre
1974 1753 2040 1794 in-

417 1823 568 1877 ibique
606 1826 752 1865 morte
790 1827 1033 1879 preventus
1071 1838 1153 1866 nec
1193 1824 1432 1867 concilium
1474 1839 1721 1868 convocare
1767 1838 1848 1867 nec
1896 1837 2040 1866 reme-

418 1893 543 1935 dium
590 1907 672 1950 per
717 1894 869 1949 ipsum
915 1896 1192 1950 promissum
1239 1895 1388 1951 potuit
1433 1909 1672 1951 apponere.
1751 1896 1842 1938 Vos
1891 1897 2040 1937 autem

418 1964 649 2020 predictus
683 1965 1049 2021 archiepiscopus
1084 1967 1141 2008 ad
1172 1966 1318 2009 nostri
1340 1967 1606 2009 instantiam
1628 1966 1906 2023 provinciale
1938 1978 2042 2008 con-

421 2035 572 2078 cilium
605 2036 888 2079 convocastis
931 2040 973 2079 et
1013 2037 1126 2079 inibi
1168 2037 1439 2079 intendendo
1478 2038 1716 2093 providere
1750 2038 1807 2079 ad
1838 2036 2042 2092 predicta

419 2106 756 2149 ordinacionem
790 2109 1017 2162 quandam
1044 2107 1229 2160 fecistis,
1264 2121 1348 2162 que
1370 2111 1521 2150 tamen
1545 2121 1634 2150 non
1657 2109 1715 2150 ad
1735 2107 2041 2164 provisionem

420 2180 489 2219 set
530 2178 586 2219 ad
627 2178 938 2221 turbacionem
984 2179 1092 2221 dicti
1136 2179 1311 2233 negocii
1351 2179 1530 2221 videtur
1578 2179 1736 2235 pocius
1775 2179 2039 2221 redundare.

421 2247 518 2300 Que
561 2248 697 2291 etiam
739 2248 845 2291 talis
888 2249 1034 2304 qualis
1078 2253 1157 2301 est,
1202 2263 1283 2304 per
1315 2250 1626 2305 suffraganeos
1659 2253 1834 2292 vestros
1868 2252 1912 2291 et
1944 2248 2042 2291 offi-

422 2319 558 2361 ciales
601 2333 756 2361 eorum
796 2320 1023 2362 ullatenus
1063 2320 1344 2362 observatur.
1408 2322 1552 2364 Immo
1597 2320 1781 2376 quidam
1823 2333 1877 2362 ex
1910 2319 2042 2362 dictis

422 2388 693 2431 officialibus
712 2393 935 2444 asserunt,
958 2403 1039 2433 vos
1056 2390 1308 2446 predictam
1327 2392 1663 2434 ordinacionem
1681 2391 1840 2433 fecisse
1858 2390 2042 2432 minime

421 2460 638 2516 potuisse.
703 2459 905 2516 Cumque
947 2475 1001 2502 ex
1044 2461 1195 2504 debito
1236 2462 1404 2518 regalis
1447 2462 1654 2505 culminis
1695 2462 1796 2504 iura
1835 2461 2043 2503 iurisdic-

425 2531 666 2587 cionesque
698 2534 880 2574 nostra-s
912 2545 1002 2574 non
1035 2532 1279 2576 debeamus
1311 2533 1540 2589 negligere
1572 2547 1654 2575 nec
1684 2532 1932 2588 possimus,
1976 2531 2042 2573 id-

423 2602 543 2644 circo
567 2615 647 2644 vos
670 2602 957 2657 requirimus,
984 2604 1207 2657 quatenus
1228 2603 1275 2645 in
1296 2604 1499 2659 presenti
1521 2603 1709 2646 concilio
1733 2603 1799 2646 sic
1821 2602 2043 2645 defectum

425 2673 541 2714 dicte
583 2672 774 2728 pristine
819 2672 1122 2716 ordinacionis
1166 2676 1316 2717 vestre
1348 2674 1498 2717 velitis
1531 2674 1765 2730 supplere,
1811 2673 1931 2728 quod
1962 2685 2043 2728 per

426 2756 524 2785 eam
557 2743 657 2785 iura
689 2746 848 2786 nostra
880 2747 1117 2786 serventur
1149 2745 1278 2788 illesa
1311 2748 1355 2787 et
1380 2744 1526 2788 nostri
1548 2745 1739 2788 subiecti
1760 2744 1937 2800 possint
1958 2743 2041 2786 sub

423 2813 601 2856 iusticie
633 2814 817 2856 tramite
848 2828 928 2869 per
959 2828 1041 2857 nos
1074 2815 1183 2871 regi.
1247 2815 1375 2859 Alias
1408 2816 1523 2858 scire
1554 2829 1635 2858 vos
1667 2815 1888 2867 volumus,
1923 2814 2043 2869 quod

424 2898 506 2927 nos
540 2885 705 2927 dictam
747 2885 1053 2941 provisionem
1094 2899 1175 2941 per
1214 2900 1297 2929 nos
1329 2886 1498 2928 factam
1532 2889 1575 2928 et
1608 2886 1759 2938 aliam,
1791 2885 1831 2928 si
1862 2897 2043 2927 necesse

426 2955 576 3008 fuerit,
611 2957 829 2998 edendam
862 2956 1036 2999 servari
1066 2956 1318 2999 faceremus
1351 2957 1518 3009 taliter,
1553 2957 1672 3012 quod
1700 2957 1868 3011 absque
1894 2955 2042 3011 preiu-

414 3026 543 3069 sdicio
560 3026 862 3070 ecclesiastice
874 3026 1100 3069 libertatis
1115 3030 1273 3070 nostra
1285 3027 1454 3082 regalis
1468 3027 1724 3070 iurisdiccio
1746 3039 1836 3069 non
1850 3026 2041 3068 ledatur.
