2296 3512
828 259 1143 299 —755—

176 386 369 427 fratrum
402 385 628 427 Minorum
667 386 713 427 in
753 386 898 439 primo
938 386 1060 426 beati
1091 386 1320 428 Francisci
1359 388 1542 429 exordio
1577 387 1638 429 sic
1673 387 1794 441 apud

178 456 411 498 Marrochs
445 456 741 510 constante[r]
775 469 857 509 pro
889 455 977 497 fide
1009 457 1233 498 ortodoxa
1266 460 1511 510 certarunt,
1545 458 1696 513 sicque
1719 471 1792 501 us-

178 540 262 582 que
295 528 351 568 ad
384 526 516 568 finem
550 528 917 579 perseverarunt,
957 526 1077 580 quod
1115 529 1332 582 tanquam
1367 527 1522 570 fideles
1557 531 1600 570 et
1631 528 1795 570 fervidi

178 595 345 640 Christi
382 595 557 651 pugiles
597 609 740 651 agone
778 596 975 638 martirii
1014 599 1198 650 peracto
1244 599 1286 638 et
1330 602 1542 651 superato
1587 599 1794 651 feliciter,

177 681 273 710 sese
306 668 400 709 Deo
448 669 626 721 gratam
676 669 719 708 et
764 667 1085 721 acceptabilem
1134 667 1330 709 hostiam
1378 668 1691 721 immolarunt,
1740 671 1793 711 de

177 738 339 793 quibus
372 737 538 779 clarius
572 739 615 778 et
647 737 840 779 lucidius
873 737 1106 779 beatitudo
1138 736 1315 791 papalis
1349 738 1479 779 debet
1504 738 1549 779 in
1573 739 1793 792 proximo,

177 811 226 850 ut
271 821 353 862 pro
401 810 522 849 certo
571 808 854 860 didiscimus,
907 807 1169 860 informari,
1231 810 1274 849 et
1319 821 1456 864 penes
1505 809 1793 850 sanctitatem

178 881 372 921 vestram
405 891 488 932 pro
521 878 702 920 illorum
737 878 1082 920 canonizacione
1113 878 1322 933 insisti⁰>.
1387 877 1499 920 Cum
1534 881 1682 921 autem
1711 879 1794 921 hoc

176 952 379 991 nostrum
414 953 457 990 et
490 949 682 991 aliorum
716 949 916 991 fidelium
950 950 1124 991 animos
1158 949 1319 991 debeat
1350 949 1571 991 tenaciter
1599 949 1795 991 excitare

178 1023 220 1061 et
265 1020 493 1062 ferventer
539 1024 711 1063 mentes
755 1020 968 1062 inducere
1013 1022 1075 1072 et,
1120 1033 1254 1074 quam
1301 1020 1402 1074 quis
1448 1020 1612 1073 possit,
1664 1033 1794 1074 opem

176 1094 382 1132 teneatur
412 1091 685 1145 impendere,
718 1094 781 1143 ut,
812 1091 929 1133 sicut
960 1093 1163 1133 sanctam
1187 1090 1271 1132 Dei
1299 1090 1533 1132 ecclesiam
1557 1103 1638 1133 suo
1662 1092 1793 1132 beato

176 1162 394 1216 sanguine
422 1166 756 1213 consecrarunt,
781 1162 846 1204 sic
865 1162 919 1203 ab
948 1175 1000 1203 ea
1023 1164 1066 1203 et
1093 1161 1186 1204 suis
1214 1161 1423 1203 fidelibus
1452 1160 1796 1203 honorificencie

175 1232 370 1286 pocioris
417 1233 656 1287 impendiis
690 1233 958 1275 atollantur:
1008 1233 1199 1287 Propter
1230 1232 1311 1273 hec
1343 1232 1615 1274 beatitudini
1646 1234 1798 1274 vestre

175 1303 406 1345 humiliter
455 1304 781 1358 supplicamus,
822 1307 1044 1359 quatenus
1086 1306 1186 1357 post
1224 1304 1465 1357 probatam
1509 1306 1552 1344 et
1590 1303 1795 1345 habitam

175 1374 240 1415 rei
272 1374 529 1416 huiusmodi
567 1375 806 1417 veritatem
841 1374 1122 1416 exaudicioni
1154 1374 1387 1428 petitionis
1419 1373 1639 1428 premisse
1675 1373 1796 1415 beni-

176 1445 347 1498 volum,
395 1445 693 1488 favorabilem
743 1450 786 1488 et
831 1445 1006 1487 felicem
1054 1446 1242 1499 prebere
1291 1445 1503 1500 dignetur
1541 1457 1798 1496 assensum,

176 1516 309 1558 sicuti
342 1519 540 1559 vestram
574 1517 885 1559 beatissimam
919 1517 1076 1558 deceat
1104 1515 1407 1567 sanctitatem,
1442 1518 1492 1557 ut
1519 1515 1655 1557 iidem
1676 1529 1796 1557 mar-

176 1587 298 1639 tires,
333 1588 410 1642 qui
443 1588 700 1630 inansicmes
734 1588 896 1629 celicas
925 1601 1007 1642 pro
1035 1587 1210 1629 meritis
1243 1587 1460 1638 obtinent,
1494 1600 1577 1641 pro
1600 1586 1729 1628 nobis
1754 1589 1799 1627 et

178 1658 278 1700 aliis
313 1672 362 1700 eo
396 1659 632 1713 egentibus
667 1659 787 1714 apud
824 1672 977 1713 regem
1011 1672 1169 1713 regum
1209 1657 1434 1699 continuis
1468 1657 1800 1699 obsecracioni—

176 1730 260 1772 bus
305 1730 585 1771 intercedant
622 1764 628 1771 .
673 1764 680 1770 .
724 1764 731 1770 .
765 1730 868 1771 Dat.
913 1729 1123 1771 Gerunde
1169 1732 1331 1784 quarto
1374 1728 1475 1770 idus
1520 1728 1632 1770 Julii
1680 1741 1802 1770 annos

178 1800 346 1842 domini
377 1800 618 1843 millesimo
654 1799 851 1843 CCCXX
883 1799 1046 1855 primo.

319 1882 400 1926 Reg.
415 1882 483 1917 246
498 1883 522 1917 f.
537 1882 643 1917 22sv.
670 1883 732 1916 Ich
745 1883 842 1917 finde
862 1882 950 1916 iiber
963 1883 1017 1915 die
1030 1882 1123 1916 Bitte
1136 1881 1198 1915 Js
1212 1881 1244 1914 in
1262 1882 1329 1914 den
1343 1880 1705 1924 Ordensgeschichten
1726 1880 1797 1913 und

176 1941 529 1975 Urkundenbiichern
554 1942 679 1976 nichtS.
699 1965 741 1968 —
762 1935 858 1976 Uber
881 1941 1040 1975 Mai-occo
1066 1942 1149 1985 fiige
1174 1941 1231 1974 ich
1257 1940 1317 1974 das
1339 1939 1529 1974 Schreiben
1557 1940 1617 1973 des
1635 1939 1797 1973 Bischofs

176 2000 302 2034 Petrus
327 2000 603 2034 Marrochitanus
640 2011 684 2034 an
721 2001 787 2034 den
813 2000 926 2044 Kenig
963 2010 1022 2034 an:
1055 2001 1086 2034 A
1118 2010 1223 2044 regno
1261 2000 1376 2033 vestro
1408 1998 1626 2032 nativitatem
1657 1998 1797 2042 originis

178 2059 435 2103 progenitorum
460 2059 576 2093 trahit.
626 2060 772 2094 Noviter
797 2062 976 2104 promotus
1002 2060 1064 2093 est.
1093 2058 1281 2102 Supplicat,
1308 2057 1470 2102 quatinus
1495 2057 1639 2102 negocia
1655 2067 1718 2091 sua
1734 2056 1797 2091 sub

177 2119 322 2152 tuitione
359 2128 421 2152 sua
458 2119 658 2161 susciperet.
709 2119 744 2153 Si
776 2130 843 2163 qua
869 2119 910 2152 de
945 2118 1099 2162 partibus
1126 2117 1199 2151 istis
1224 2117 1359 2161 placida
1384 2116 1616 2158 occurrerint,
1642 2115 1799 2159 iniungat

178 2177 397 2211 confidenter
421 2177 598 2211 Bernardo
625 2177 764 2222 Seguim
791 2178 968 2221 capitaneo
995 2178 1030 2211 et
1054 2176 1201 2211 vassallo
1235 2187 1313 2219 suo,
1340 2176 1495 2210 omnium
1521 2175 1797 2211 Christianorum

178 2236 313 2270 illarum
340 2236 490 2280 partium
516 2235 675 2280 alcaydo,
703 2237 760 2281 qui
786 2240 949 2271 strenuus
975 2236 1081 2270 armis
1107 2235 1197 2280 apud
1223 2235 1437 2271 Chiistianos
1470 2239 1504 2269 et
1528 2235 1736 2269 Sarracenos
1762 2234 1800 2267 in>

178 2295 308 2328 honore
351 2298 540 2339 reputatus.
591 2295 679 2329 Data
715 2296 806 2339 apud
829 2296 932 2329 Fetes
964 2297 1062 2330 sexto
1095 2295 1229 2329 decimo
1262 2294 1423 2328 kalendas
1454 2293 1575 2328 Marcii
1599 2304 1628 2327 a.
1656 2295 1687 2327 d.
1714 2292 1802 2328 mill-

179 2354 263 2390 CCC
288 2356 418 2388 octavo.
469 2353 545 2398 Vgl.
572 2354 693 2388 hierzu
718 2355 801 2399 Reg.
829 2354 1017 2390 Clementis
1044 2355 1085 2389 V.
1114 2355 1174 2390 Nr.
1201 2354 1290 2389 9611
1319 2354 1345 2387 f.
1372 2353 1475 2388 9700.

180 2463 277 2504 470.
317 2461 633 2504 Information
680 2462 766 2503 fiir
812 2462 887 2504 die
934 2461 1197 2505 Gesandten
1243 2463 1485 2514 Berengar
1532 2460 1587 2502 de
1634 2458 1797 2502 Castro

180 2532 430 2587 episcopali
466 2532 601 2573 miles
634 2533 682 2574 et
703 2530 930 2575 Geraldus
957 2534 1013 2575 de
1035 2533 1245 2575 Oh’uaria
1266 2533 1380 2575 civis
1403 2530 1798 2573 Barchinonensis

180 2617 237 2646 an
270 2602 435 2646 Sultan
466 2602 661 2645 Abulfat
693 2603 924 2645 Mahomet
954 2604 1023 2645 fill
1055 2604 1131 2645 (161
1162 2604 1282 2646 molt
1314 2603 1383 2644 alt
1414 2614 1493 2657 rey
1526 2602 1796 2658 Almancor:

180 2675 312 2716 Dank
360 2674 443 2716 fiir
489 2674 564 2716 (116
608 2674 909 2727 Freilassung
956 2686 1042 2716 von
1089 2674 1145 2716 24
1184 2673 1481 2727 Gesangenen
1524 2672 1618 2714 und
1656 2661 1797 2713 Uber-

181 2745 390 2798 sendung
420 2757 508 2787 von
534 2744 686 2800 Joyes3
720 2745 1004 2797 Mitteilung,
1037 2744 1142 2786 dass
1174 2756 1227 2786 er
1249 2746 1351 2787 eine
1373 2743 1655 2798 Expedition
1680 2742 1799 2784 nach

182 2815 428 2859 Sardinicn
445 2816 578 2870 plant
586 2829 598 2867 3
623 2815 768 2868 Bitte,
791 2815 896 2856 dass
915 2826 967 2857 er
983 2815 1058 2856 (116
1075 2816 1368 2868 Bewachung
1388 2814 1482 2856 und
1495 2813 1798 2865 Verwaltung

182 2888 260 2929 des
293 2888 338 2929 h.
372 2885 548 2929 Grabes
592 2886 685 2928 und
730 2886 805 2928 die
838 2886 1085 2938 Wohnung
1128 2885 1207 2927 des
1238 2885 1550 2928 Patriarchen
1591 2882 1798 2925 (lauernd

182 2959 569 3011 aragonesischen
617 2957 985 2999 Dominikanern
1030 2957 1303 3009 iibertrage3
1352 2956 1484 2998 Bitte
1529 2967 1608 2996 um
1654 2943 1799 2995 Uber-

251 3039 304 3065 469
326 3042 353 3083 0)
378 3039 423 3073 So
449 3040 503 3073 die
529 3038 789 3073 Konstruktion.

1588 3105 1657 3140 48*
