2296 3512
898 246 1215 287 —579—

385 375 500 416 Item
527 373 736 416 dominus
760 387 841 415 rex
864 373 1089 416 Robertus
1112 374 1343 416 revocavit
1364 388 1519 417 omnes
1542 373 1866 430 stipendiarios

246 458 351 489 suos
375 443 635 497 Catalanos,
670 443 748 499 qui
780 446 909 485 erant
939 442 987 484 in
1009 443 1173 497 Janua,
1207 447 1251 486 et
1282 444 1476 487 intendit
1509 458 1584 488 eos
1616 444 1799 486 mittere
1820 444 1868 486 in

244 514 579 559 Lombardiam.
636 515 740 556 Jam
767 513 900 556 multi
922 516 1154 564 venerunt,
1189 514 1394 569 quisunt
1414 515 1575 570 Aquis,
1608 514 1687 557 ubi
1721 514 1868 557 dictus

245 585 452 629 dominus
484 598 563 627 rex
596 598 716 626 nunc
746 583 882 639 degit.
945 584 1062 626 Item
1103 583 1262 636 fertur,
1305 586 1426 639 quod
1466 585 1650 641 quidam
1687 584 1869 628 nomine

244 656 468 699 Gastruxo
507 656 561 697 de
598 657 730 711 parte
767 654 988 698 Gebelina
1029 654 1147 710 cepit
1186 655 1413 710 quoddam
1453 658 1653 699 castrum
1692 655 1862 699 domini

242 728 391 769 Luche
424 727 478 768 de
509 725 657 769 Flisco
691 725 936 768 cardinalis
967 724 1015 766 in
1046 724 1270 781 Ripparia
1301 725 1448 768 Janue
1480 726 1567 769 sito
1602 729 1646 768 et
1677 728 1868 769 vocatur

243 797 411 840 dictum
442 799 642 839 castrum
666 796 973 850 „Postremo“.
1026 796 1142 837 Item
1165 795 1327 838 Veneti
1349 799 1562 850 ceperunt
1593 796 1639 838 in
1662 796 1868 839 Marchia
1936 828 1944 833 .

241 868 529 911 Anconitana
560 868 789 923 quandam
812 866 1056 920 civitatem,
1090 880 1175 922 que
1197 869 1388 909 vocatur
1410 866 1598 910 Fanum.
1647 865 1695 909 Si
1718 867 1865 909 dictus

242 938 450 981 dominus
496 939 706 981 Matheus
739 937 1000 980 Vicecomes
1039 937 1391 980 Mediolanensis
1437 937 1692 991 comparuit
1723 938 1863 979 XXV.

241 1009 312 1051 die
342 1009 511 1052 mensis
532 1008 769 1051 Februarii
800 1007 1008 1064 preteriti
1040 1009 1098 1050 ad
1119 1008 1269 1051 locum
1303 1008 1356 1050 de
1378 1007 1580 1063 Burgulo
1608 1007 1695 1050 sibi
1723 1008 1865 1063 assig-

240 1083 397 1122 natum
435 1093 517 1136 per
547 1080 750 1135 legatum
783 1079 855 1121 vel
886 1093 990 1132 non,
1032 1079 1179 1122 adhuc
1216 1078 1354 1121 nichil
1387 1081 1560 1121 certum
1593 1077 1735 1121 scitur
1768 1113 1776 1121 .
1812 1112 1820 1119 .
1856 1112 1864 1120 .

239 1151 344 1193 Dat.
379 1154 430 1193 ut
462 1164 613 1207 supra.

381 1220 482 1257 CRD.
535 1220 592 1255 Or.
619 1221 701 1264 Pap.
729 1220 804 1264 Ssp.

239 1377 337 1417 377.
372 1374 686 1428 Schilderung
734 1375 815 1418 des
859 1374 1144 1417 Aufstandes
1189 1374 1239 1416 in
1280 1374 1391 1416 Pisa
1433 1374 1552 1416 nach
1596 1373 1701 1415 dem
1743 1372 1868 1416 Tode

239 1445 423 1489 Gaddos
445 1446 541 1501 (dei
563 1445 943 1500 Gherardeschi).
988 1446 1241 1499 Regiment
1263 1445 1344 1488 des
1365 1445 1531 1487 Nerius
1539 1457 1551 1496 ;
1576 1444 1677 1487 sein
1700 1442 1866 1487 Giinst-

238 1518 341 1571 ling
386 1518 560 1572 Lippus
600 1517 656 1559 de
695 1516 918 1571 Caprona.
981 1514 1357 1569 Verschwiirung
1400 1515 1479 1557 des
1525 1514 1752 1558 Corbinus
1791 1514 1867 1557 dei

237 1588 524 1631 Lanfranchi
540 1587 634 1630 und
656 1587 955 1640 Ermordung
977 1586 1057 1629 des
1080 1586 1231 1630 Guido
1254 1586 1311 1628 de
1329 1585 1552 1640 Caprona.
1594 1583 1724 1640 (1322
1741 1585 1866 1640 Mai.)

378 1681 612 1725 Dissensio
659 1681 930 1725 Pisanorum
977 1684 1127 1723 ortum
1181 1681 1341 1723 habuit
1389 1694 1443 1722 ex
1497 1694 1562 1733 eo,
1621 1680 1754 1736 quod,
1802 1680 1865 1721 vi-

237 1756 368 1795 vente
399 1753 562 1795 comite
595 1753 768 1805 Gaddo,
803 1752 989 1808 quidam
1020 1752 1165 1807 ipsius
1196 1751 1330 1794 amici
1353 1754 1397 1794 et
1419 1764 1636 1807 sequaces
1660 1750 1864 1793 domina-

237 1824 404 1866 bantur
442 1824 488 1866 in
533 1824 699 1866 civtate
742 1824 921 1866 Pisana.
993 1821 1071 1865 Set
1113 1826 1294 1865 mortuo
1338 1822 1459 1865 dicto
1503 1822 1666 1864 comite
1699 1821 1861 1865 Gaddo

238 1907 386 1937 comes
409 1894 573 1937 Nerius
602 1895 696 1937 eius
725 1897 916 1949 patruus
941 1894 1109 1937 electus
1141 1893 1228 1936 fuit
1254 1893 1519 1949 capitaneus
1543 1893 1863 1948 stipendiario-

237 1979 350 2007 rum.
394 1966 452 2008 Et
479 1966 597 2022 cepit
620 1966 836 2008 adherere
859 1966 1145 2021 quibusdam,
1175 1965 1252 2021 qui
1274 1966 1478 2019 tempore
1505 1964 1685 2007 comitis
1713 1963 1864 2006 Gaddi

236 2035 374 2078 nichil
405 2037 634 2079 habebant
663 2037 711 2079 in
744 2037 928 2079 civitate
959 2036 1122 2078 facere.
1185 2036 1244 2078 Et
1276 2035 1395 2077 inter
1418 2038 1594 2078 ceteros
1619 2034 1754 2090 elegit
1776 2034 1865 2077 sibi

235 2107 282 2148 in
315 2107 621 2150 consiliarium
654 2109 881 2162 quendam
912 2107 1105 2150 militem
1136 2107 1351 2149 Pisanum
1384 2109 1595 2149 vocatum
1629 2106 1863 2149 dominum

236 2177 430 2233 Lippum
477 2179 530 2220 de
578 2177 800 2232 Capi-oua,
849 2179 975 2222 cuius
1024 2177 1211 2220 consilio
1260 2177 1412 2220 omnia
1459 2177 1626 2232 agebat
1673 2179 1717 2218 et
1765 2176 1861 2232 agit

236 2249 383 2291 dictus
428 2261 575 2291 comes
618 2249 796 2292 Nerius.
873 2249 932 2291 Et
972 2248 1195 2303 paulatim
1234 2248 1352 2302 cepit
1382 2247 1479 2302 ipse
1514 2260 1663 2290 comes
1695 2247 1859 2290 Nerius

236 2319 423 2361 consilio
446 2319 554 2361 dicti
587 2320 756 2362 domini
777 2320 910 2375 Lippi
941 2333 1174 2362 removere
1204 2320 1260 2361 ab
1284 2319 1440 2361 offitiis
1468 2318 1668 2360 civitatis
1696 2317 1860 2360 Pisane

235 2403 410 2442 01111105,
460 2390 536 2445 qui
582 2393 786 2445 tempore
838 2391 1015 2433 comitis
1064 2390 1214 2433 Gaddi
1261 2389 1580 2445 gubernabant
1628 2388 1859 2430 civitatem

234 2461 460 2513 Pisanam,
512 2461 578 2502 ita
626 2461 745 2516 quod
791 2461 883 2503 iam
931 2464 999 2504 est
1046 2461 1235 2515 annusa)
1271 2463 1314 2502 et
1346 2459 1482 2512 ultra,
1517 2460 1636 2515 quod
1668 2459 1748 2511 illi,
1785 2459 1863 2514 qui

234 2534 437 2586 tempore
477 2531 653 2573 comitis
692 2531 840 2574 Gaddi
886 2533 1106 2587 regebant
1139 2531 1384 2584 civitatem,
1429 2530 1569 2572 nichil
1601 2530 1861 2572 habuerunt

233 2602 297 2644 ibi
328 2601 489 2644 facere.
552 2602 609 2643 Et
641 2601 759 2643 inter
791 2605 979 2655 ceteros,
1014 2603 1091 2658 qui
1124 2601 1295 2644 exclusi
1325 2601 1522 2654 fuerunt,
1558 2603 1664 2643 sunt
1685 2600 1860 2642 nobiles

236 2674 289 2714 de
328 2673 460 2715 domo
501 2672 904 2726 Lanfrancorumb)
951 2675 995 2714 et
1037 2671 1395 2714 Gualandorum.
1468 2671 1666 2713 Predicti
1708 2673 1860 2713 autem

236 2744 405 2786 exclusi
430 2743 643 2795 videntes,
678 2743 797 2798 quod
824 2743 1011 2785 consilio
1041 2743 1151 2785 dicti
1174 2743 1346 2785 domini
1368 2742 1500 2797 Lippi
1523 2743 1576 2784 de
1604 2740 1859 2796 Capronoe)

235 2827 384 2857 comes
405 2814 568 2857 Nerius
598 2814 777 2855 ducitur
808 2815 852 2854 et
873 2814 996 2867 quod
1018 2813 1141 2856 illius
1166 2813 1355 2856 consilio
1381 2816 1424 2855 et
1444 2812 1733 2868 providentia
1754 2813 1860 2854 sunt

235 2884 426 2938 exclusi,
473 2886 786 2926 tractaverunt
836 2883 1005 2925 dictum
1051 2883 1281 2926 dominum
1329 2883 1525 2938 Lippum
1571 2882 1774 2925 occidere
1816 2884 1860 2923 et

235 2955 408 3008 exinde,
441 2955 480 2998 si
501 2958 687 3009 possent
718 2955 898 2996 inruere
926 2954 971 2995 in
995 2953 1205 2996 comitem
1227 2954 1298 2996 vel
1322 2954 1435 2996 alios
1458 2955 1680 3008 regentes,
1708 2952 1859 2994 facere

303 3025 356 3053 377
375 3026 407 3070 a)
434 3035 520 3059 anus
547 3024 604 3060 Or.
661 3025 692 3068 b)
717 3024 970 3058 Lafrancorum
997 3022 1054 3062 Or,
1088 3026 1107 3068 §³
1136 3024 1164 3067 ο)
1194 3023 1238 3058 So
1262 3023 1340 3057 11101·
1365 3023 1422 3058 Or.

1645 3092 1709 3126 37*
