2296 3512
221 573 431 660 XII.
484 574 652 660 Die
699 573 1246 685 Spiritualen
1295 577 1392 662 in
1450 578 1838 665 Sicilien.

218 881 316 921 418.
349 878 627 921 Bittschrift
659 878 742 922 der
764 877 1068 934 Spiritualen,
1101 880 1176 922 die
1203 879 1371 934 jiingst
1401 883 1519 924 nach
1543 882 1736 925 Sicilien
1764 896 1838 937 ge-

217 950 433 992 kommen
455 949 573 1003 sind,
596 962 653 991 an
670 949 828 1003 Kiinig
849 950 1114 993 Friedrich:
1133 950 1445 1004 Schjlderung
1468 952 1551 994 (161·
1570 954 1842 1008 Prinzipien

216 1021 345 1063 ihres
392 1022 610 1062 {iusseren
651 1021 852 1074 Lebens‚
899 1021 950 1062 in
990 1021 1235 1076 Nahrung,
1276 1022 1539 1077 Kleidung,
1579 1024 1841 1079 Wohnung‚

216 1091 452 1144 Biichern,
484 1091 996 1145 Kirchenausstattung
1026 1104 1136 1134 usw.
1169 1093 1288 1135 nach
1321 1093 1425 1135 dem
1456 1094 1724 1137 Testament
1757 1096 1836 1137 des

216 1162 261 1204 h.
279 1162 554 1204 Franciscus
577 1162 668 1204 und
694 1162 777 1204 (161·
794 1163 1063 1216 Erklarung
1079 1163 1163 1205 der
1179 1164 1339 1206 Bulle:
1373 1165 1512 1207 Exivi
1530 1165 1586 1207 (16
1602 1166 1818 1220 paradiso
1826 1180 1839 1217 3

216 1232 570 1286 Verpflichtung
608 1246 662 1274 zu
701 1231 957 1275 Gehorsam
994 1233 1088 1275 und
1121 1234 1434 1285 Keuschheit3
1474 1236 1605 1278 Bitte
1642 1249 1722 1278 um
1753 1235 1836 1279 Ge·

294 1304 509 1356 stattung
541 1303 621 1345 des
657 1304 985 1346 Aufenthaltes
1017 1305 1068 1346 in
1101 1304 1308 1348 Sicilien.
1372 1305 1508 1360 (1312
1542 1307 1756 1362 Herbst.)

357 1396 624 1453 Supplicant
656 1399 778 1453 regie
811 1398 1041 1441 maiestati
1074 1413 1174 1441 cum
1214 1400 1470 1442 humilitate
1513 1403 1555 1442 et
1587 1401 1843 1443 reverentia

213 1482 296 1524 per
336 1468 643 1523 aspersionem
684 1469 919 1524 sanguinis
957 1469 1098 1511 ζ1116511
1132 1468 1303 1512 Christi
1341 1473 1384 1512 61
1423 1485 1503 1527 per
1534 1472 1699 1513 merita
1732 1472 1840 1513 almi

215 1539 485 1582 confessoris
529 1540 624 1582 eius
666 1540 788 1581 beati
819 1541 1051 1583 Francisci
1095 1542 1261 1583 fratres
1293 1541 1492 1584 Jacobus
1534 1545 1577 1584 et
1614 1542 1839 1585 Henricus

216 1610 440 1665 ceterique
462 1610 628 1653 fratres
656 1611 885 1653 venientes
909 1611 1151 1654 novissime
1176 1613 1233 1654 ad
1255 1613 1419 1655 solium
1441 1614 1570 1669 regni
1596 1614 1737 1655 vestri
1761 1648 1767 1655 .
1795 1648 1801 1655 .
1830 1648 1837 1655 .

216 1694 242 1723 a
273 1684 421 1724 vestre
454 1682 713 1725 serenitatis
748 1685 790 1724 et
824 1682 1147 1726 dominationis
1179 1684 1386 1739 potentia
1417 1687 1654 1740 tamquam
1688 1698 1714 1726 a
1746 1685 1836 1727 sin—

215 1751 364 1807 gulari
395 1753 732 1795 substentatore
765 1753 984 1796 catholice
1028 1757 1071 1796 et
1105 1754 1353 1810 apostolice
1391 1754 1496 1798 fidei
1530 1758 1573 1797 et
1605 1755 1839 1798 defensore

213 1823 428 1878 precipuo
460 1824 667 1866 veritatis
712 1827 755 1866 61
795 1824 1014 1879 peculiari
1054 1828 1250 1881 patrono
1291 1828 1334 1867 61
1372 1826 1548 1881 refugio
1587 1840 1839 1882 pauperum

216 1896 259 1935 61
300 1893 663 1949 evangelicorum
701 1895 902 1937 virorum
938 1930 944 1936 .
982 1930 989 1936 .
1027 1930 1034 1936 .
1068 1896 1287 1951 recolligi,
1327 1897 1620 1949 substentari,
1655 1897 1834 1952 protegi

216 1967 259 2006 et
293 1963 483 2017 defendi,
515 1979 570 2007 ne
602 1965 649 2007 in
680 1966 897 2021 predictis
931 1969 1089 2009 contra
1121 1968 1266 2008 Deum
1294 1971 1337 2009 61
1369 1967 1482 2010 iuris
1509 1968 1712 2011 ordinem
1734 1981 1837 2024 pos-

216 2035 307 2077 sint
339 2036 395 2076 ab
429 2035 580 2091 aliquo
613 2037 799 2089 retrahi,
832 2037 1043 2093 impediri
1075 2038 1144 2079 vel
1177 2039 1517 2094 quomodolibet
1548 2039 1837 2093 molestari.1)

353 2118 410 2159 Et
441 2118 480 2159 si
617 2119 834 2174 predictis
873 2118 1131 2173 defecerint,
1168 2155 1174 2161 .
1202 2155 1209 2161 .
1238 2154 1246 2161 .
1282 2121 1542 2177 supplicant
1582 2121 1751 2177 corrigi
1794 2124 1839 2163 et

214 2188 377 2243 puniri.
451 2188 561 2242 Que,
604 2193 655 2231 ut
694 2190 892 2245 perfecte
923 2190 1050 2243 fiant,
1086 2194 1128 2232 et
1163 2225 1169 2232 .
1197 2225 1204 2232 .
1232 2225 1238 2232 .
1273 2192 1419 2233 Deum
1451 2192 1725 2235 altissimum
1759 2227 1765 2233 .
1794 2227 1800 2233 .
1827 2226 1835 2233 .

216 2258 536 2313 [pre?]cantur,
583 2263 633 2302 ut
666 2260 1019 2304 dominationem
1060 2264 1260 2304 vestram
1299 2262 1588 2317 magnificam
1627 2277 1837 2319 regnum-

358 2375 382 2418 1)
407 2376 478 2410 Das
503 2376 548 2410 ist
573 2377 633 2410 der
657 2377 888 2421 Hauptinhalt
919 2379 979 2413 des
1005 2380 1122 2412 ersten
1148 2378 1277 2413 Satzes.
1327 2379 1391 2413 leh
1422 2379 1509 2424 gebe
1546 2390 1608 2413 aus
1633 2380 1712 2413 dem
1744 2379 1837 2413 stark

214 2434 508 2469 durchl'ocherten
533 2434 624 2469 Teile
657 2436 747 2470 noch
773 2437 827 2470 die
853 2437 1087 2481 Motivierung
1117 2437 1213 2472 ihrer
1238 2438 1440 2483 Trennung:
1485 2438 1573 2474 Cum
1604 2439 1668 2482 ipsi
1700 2440 1738 2471 ut
1765 2438 1836 2472 veri

214 2493 341 2529 Christi
368 2493 492 2527 fideles
510 2494 652 2538 verique
679 2495 838 2529 catholici
865 2496 1048 2531 credentes
1066 2497 1222 2540 perfecto
1249 2498 1352 2531 corde
1379 2500 1413 2531 61
1431 2508 1490 2531 ore
1516 2497 1732 2542 integraliter
1753 2508 1836 2531 con—

212 2552 367 2595 fitentes,
406 2552 568 2596 quicquid
607 2554 726 2587 sancta
750 2556 861 2588 mater
886 2554 1032 2589 ecclesia
1063 2556 1262 2599 profitetur,
1301 2558 1335 2590 et
1360 2559 1399 2590 ut
1424 2567 1506 2590 vere
1546 2556 1746 2590 obediencie
1772 2556 1837 2589 filij

213 2622 353 2646 servare
393 2611 582 2655 cupientes,
622 2623 688 2656 que
728 2612 962 2656 promiserunt
999 2615 1137 2648 domino
1177 2615 1347 2659 evangelii
1385 2615 1546 2650 videlicet
1584 2615 1836 2659 perfectionem

213 2669 379 2704 altissimo
405 2670 611 2713 promissam
636 2670 671 2703 in
698 2670 817 2713 regula
834 2671 884 2706 eis
909 2673 1035 2706 tradita
1059 2684 1080 2707 a
1095 2674 1313 2708 sanctissimo
1339 2676 1437 2718 patre
1456 2685 1517 2709 suo
1538 2675 1635 2708 beato
1652 2674 1835 2709 Francisco

216 2756 221 2763 .
250 2758 257 2765 ,
284 2757 292 2765 ,
319 2728 473 2762 revelata
497 2739 517 2762 a
542 2728 679 2764 Christo
706 2731 740 2763 et
767 2731 854 2774 [per]
894 2730 1012 2774 plures
1039 2732 1213 2767 Romanos
1250 2733 1437 2777 pontifices
1475 2733 1662 2777 approbata
1692 2736 1727 2767 et
1752 2743 1835 2767 con-

213 2787 364 2830 firmata,
391 2787 465 2821 sine
492 2788 590 2821 cuius
615 2787 834 2822 observantia
859 2789 1005 2832 predicti
1023 2790 1152 2825 fratres
1178 2791 1303 2825 salvari
1328 2802 1397 2826 non
1416 2794 1572 2836 possunt,
1599 2803 1635 2826 se
1661 2802 1680 2825 a
1698 2792 1835 2826 comuni

212 2846 480 2890 transgressorio
506 2847 607 2880 modo
633 2847 771 2881 vivendi
797 2847 1034 2882 subtraxerint
1060 2851 1095 2883 et
1119 2849 1185 2884 hoc
1204 2851 1344 2894 quidem
1371 2862 1438 2884 non
1467 2850 1616 2885 fecerint
1639 2850 1834 2885 inconsulte

213 2905 256 2938 de
282 2906 394 2949 capite
419 2905 558 2949 proprio
591 2907 651 2940 sed
677 2907 718 2940 de
752 2906 893 2940 consilio
932 2906 1160 2950 plurimorum
1187 2909 1395 2943 solemnium
1429 2909 1654 2944 cardinalium
1680 2912 1715 2943 et
1738 2919 1833 2952 mag-

213 2974 338 2997 norum
363 2964 399 2998 in
423 2964 596 3008 theologia
620 2967 655 2998 et
679 2965 714 2998 in
739 2966 886 3009 utroque
911 2965 987 3000 iure
1013 2966 1194 3001 doctorum
1220 2979 1325 3012 super
1348 2968 1415 3003 hoc
1434 2967 1682 3011 consultorum,
1711 2967 1833 3012 quibus

214 3022 399 3057 manifesta
424 3025 497 3057 erat
522 3034 626 3058 causa
651 3026 686 3058 et
713 3023 910 3058 innocentia
934 3025 1181 3068 predictorum.
