2296 3512
1116 311 1431 351 —914-

466 437 664 479 eiusdem
717 436 878 491 operis.
967 438 1079 479 Item
1130 438 1358 493 quandam
1407 438 1543 480 aliam
1591 439 1776 482 ciricam
1824 440 1974 496 operis
2030 442 2083 483 de

465 507 667 561 Ungaria
708 508 761 549 de
800 507 877 549 filo
917 508 1017 549 auri
1055 510 1099 549 et
1132 509 1185 550 de
1217 508 1352 550 cirico
1386 523 1485 550 cum
1518 509 1658 564 perlis
1691 513 1733 552 et
1765 510 2082 566 guarnimento

466 577 643 632 argenti
680 577 821 620 nobili
858 577 1055 620 Beatrici
1096 579 1243 621 sorori
1274 582 1440 622 nostre.
1503 580 1617 622 Item
1661 582 1887 636 quandam
1927 584 2083 635 tovay-

463 649 601 691 lolam
641 650 694 691 (10
728 649 862 692 cirico
900 649 1038 692 livido
1072 664 1172 692 cum
1204 650 1322 693 listis
1356 652 1410 693 de
1436 650 1513 693 filo
1537 651 1649 704 auri,
1683 665 1818 707 quam
1840 652 2084 694 habuimus

463 733 546 775 pro
590 720 861 762 involvenda
903 720 950 762 in
992 734 1044 762 ea
1086 721 1282 776 quadam
1323 722 1546 777 ymagine,
1591 735 1726 778 quam
1767 722 2003 777 posuimus
2036 722 2082 764 in

465 790 612 845 capite
654 790 759 833 lecti
799 791 945 834 nostri
978 825 986 832 .
1016 825 1024 833 .
1055 825 1063 833 .
1096 792 1211 833 Item
1250 791 1393 834 eidem
1435 792 1635 835 consorti
1666 796 1820 835 nostre
1854 793 2082 848 quandam

465 861 698 904 camisiam
744 864 894 904 sutam
942 862 999 903 ad
1046 865 1261 917 punctum
1310 863 1363 904 de
1406 863 1609 918 Ungaria
1653 877 1754 905 011111
1797 863 1873 905 filo
1907 864 2006 905 auri
2040 866 2085 905 et

465 931 642 987 argenti
685 934 728 974 et
776 933 829 974 de
874 932 1009 974 cirico
1049 947 1148 975 cum
1188 936 1318 975 trena
1358 933 1491 989 nigra
1530 936 1573 975 et
1604 947 1739 989 opere
1772 934 2004 989 perlarum
2036 934 2082 976 in

463 1003 562 1045 orla
607 1003 775 1045 cabecii
813 1006 856 1045 et
896 1003 1189 1046 manicarum.
1252 1005 1367 1045 Item
1401 1005 1513 1046 duas
1546 1018 1700 1047 cruces
1734 1005 1788 1046 de
1819 1005 1951 1060 iaspi,
1995 1018 2083 1060 que

464 1076 593 1115 erant
634 1074 681 1115 111
721 1075 919 1129 quadam
966 1074 1127 1116 bustea
1168 1074 1319 1130 lignea
1359 1075 1539 1129 depicta
1572 1107 1578 1114 .
1610 1109 1617 1116 .
1648 1109 1655 1116 .
1692 1075 1891 1117 consorti
1929 1078 2082 1118 nostre

463 1145 734 1199 supradicte.
805 1146 919 1187 Item
964 1146 1051 1187 (1110
1092 1145 1222 1200 paria
1262 1145 1529 1187 texellorum
1564 1146 1618 1187 de
1648 1145 1801 1201 perlis,
1836 1159 1920 1201 que
1954 1149 2083 1188 erant

461 1215 506 1256 in
549 1215 670 1257 dicta
713 1216 871 1258 bustea
913 1215 1055 1258 nobili
1095 1214 1257 1258 Sancio
1291 1216 1345 1257 de
1376 1215 1625 1258 Ancilione.
1697 1217 1811 1258 Item
1857 1218 2081 1272 quendam

461 1286 722 1341 ganivetum
771 1300 871 1328 cum
916 1286 1092 1328 manico
1134 1286 1298 1336 vitreo,
1348 1300 1433 1342 que
1476 1289 1575 1328 erat
1615 1286 1825 1329 similiter
1868 1287 1915 1329 in
1961 1288 2082 1330 dicta

461 1357 623 1400 bustea
662 1357 862 1413 predicte
907 1357 1106 1399 consorti
1146 1360 1313 1400 nostre.
1376 1357 1491 1398 Item
1524 1371 1662 1399 unum
1694 1371 1780 1412 par
1811 1358 2081 1401 texellorum

462 1428 516 1470 de
562 1428 715 1483 perlis,
762 1428 838 1483 qui
886 1432 1015 1469 erant
1061 1427 1107 1469 111
1155 1429 1310 1469 eadem
1358 1427 1510 1470 bustia
1551 1427 1719 1470 illustri
1750 1427 1943 1471 Alfonso
1984 1429 2082 1485 regi

463 1496 701 1553 Castelle7)
760 1498 1094 1553 consanguineo
1147 1502 1317 1541 nostro.
1395 1499 1509 1540 Item
1558 1499 1782 1553 quendam
1828 1500 2081 1554 pendonem

461 1569 611 1625 operis
654 1569 725 1623 lac
772 1570 825 1611 de
872 1569 948 1611 filo
998 1568 1098 1611 auri
1143 1572 1187 1611 et
1235 1569 1411 1624 argenti
1455 1572 1498 1611 et
1540 1570 1594 1611 de
1637 1569 1773 1612 cirico
1807 1583 1907 1612 cum
1940 1570 2080 1613 scutis

460 1640 690 1696 regalibus
750 1643 793 1682 et
839 1640 1004 1695 aquilis
1060 1640 1205 1695 nigris
1262 1640 1418 1682 inclito
1470 1640 1633 1682 infanti
1683 1641 1854 1683 Jacobo
1912 1641 2080 1696 primo-

460 1711 612 1766 genito
660 1714 815 1753 nostro
856 1745 864 1752 .
898 1746 904 1752 .
938 1745 945 1752 .
984 1712 1100 1753 Item
1142 1712 1370 1766 quandam
1408 1711 1571 1753 henam
1614 1712 1667 1753 de
1714 1725 1883 1767 sagnar
1921 1725 2079 1767 opera-

460 1785 555 1824 tam
602 1783 655 1824 de
702 1782 778 1824 filo
827 1782 926 1824 auri
974 1784 1016 1824 et
1064 1782 1116 1823 de
1165 1782 1298 1824 cirico
1347 1795 1447 1823 cum
1494 1782 1658 1824 litteris
1699 1782 1841 1824 nobili
1886 1783 2080 1838 dompne

459 1853 657 1895 Beatrici
719 1853 771 1894 de
834 1852 1084 1908 Angularia
1134 1887 1141 1893 .
1193 1887 1199 1893 .
1251 1887 1258 1894 .
1304 1853 1419 1894 Item
1482 1853 1705 1908 quendam
1757 1853 1924 1895 librum
1979 1867 2080 1895 011111

458 1924 604 1979 postis
667 1923 807 1966 osseis
863 1923 960 1978 ipse
1016 1923 1195 1966 domine
1246 1923 1412 1978 regine.
1496 1924 1610 1965 Item
1664 1925 1888 1978 quendam
1941 1924 2080 1966 alium

458 1995 644 2048 librum,
700 1995 776 2050 qui
826 1994 1015 2049 incipit:
1087 1994 1194 2036 Tots
1246 1995 1445 2046 1101110115,
1486 1993 1628 2036 eidem
1681 1994 1859 2036 domine
1911 1995 2078 2050 regine.

458 2067 572 2108 Item
607 2067 829 2121 quendam
860 2065 997 2107 alium
1025 2066 1206 2118 librum,
1237 2065 1313 2121 qui
1340 2065 1518 2120 incipit:
1543 2065 1749 2118 Domine,
1777 2080 1831 2107 ne
1858 2065 1904 2107 in
1928 2065 2080 2108 furore

459 2140 551 2189 1110,
586 2136 728 2179 eidem
761 2137 961 2179 consorti
992 2139 1159 2178 nostre.
1222 2136 1335 2178 Item
1360 2136 1587 2191 quoddam
1610 2136 1895 2192 marsupium
1927 2138 2080 2178 sutum

460 2220 559 2249 cum
594 2207 742 2260 cirico,
775 2207 821 2249 in
854 2221 942 2262 quo
976 2210 1043 2250 est
1077 2207 1259 2262 quidam
1290 2207 1418 2259 liber,
1454 2207 1574 2262 quod
1607 2206 1861 2262 accepimus
1885 2207 1942 2249 ad
1964 2219 2079 2261 opus

457 2278 603 2321 nostri
636 2278 894 2333 dictumque
925 2278 1091 2319 librum
1120 2280 1280 2333 postea
1312 2277 1515 2319 dedimus
1550 2277 1665 2319 dicte
1701 2277 1903 2319 consorti
1924 2280 2079 2319 nostre

459 2384 467 2392 .
504 2383 511 2389 .
550 2383 556 2390 .
590 2349 704 2391 Item
736 2350 966 2404 quandam
998 2348 1219 2390 cortinam
1253 2349 1306 2390 de
1329 2348 1445 2390 lecto
1478 2348 1524 2389 in
1562 2362 1701 2389 unum
1742 2347 1944 2390 sobrecel
1980 2381 1987 2388 .
2024 2381 2031 2388 .
2068 2374 2075 2382 -

458 2419 611 2474 regine
649 2419 785 2461 matri
826 2422 979 2462 nostre
1013 2452 1021 2460 .
1058 2453 1065 2460 .
1102 2453 1109 2460 .
1142 2419 1256 2460 Item
1295 2419 1524 2473 quandam
1567 2432 1729 2474 cupam
1769 2432 1869 2460 cum
1910 2431 2078 2473 copone

459 2490 635 2545 argenti
669 2492 948 2542 deauratam,
982 2502 1067 2544 que
1101 2492 1197 2531 erat
1231 2489 1444 2544 ponderis
1481 2492 1676 2544 quatuor
1708 2489 1997 2530 marcharum
2033 2490 2076 2530 et

458 2564 653 2616 quatuor
684 2561 919 2603 unciarum
961 2559 1183 2615 magistro
1216 2560 1268 2601 A.
1310 2560 1362 2601 de
1395 2559 1637 2601 Villanova
1668 2559 1794 2601 fisico
1830 2593 1837 2600 .
1874 2593 1881 2600 .
1919 2592 1926 2599 .
1961 2559 2077 2600 Item

457 2632 687 2687 quoddam
721 2630 1020 2686 evangelister
1055 2644 1155 2671 cum
1190 2630 1358 2672 tabulis
1398 2630 1575 2685 argenti
1621 2633 1664 2671 et
1697 2629 1924 2684 aliquibus
1962 2628 2078 2684 lapi-

459 2702 588 2744 dibus
622 2702 715 2744 sive
753 2701 943 2757 gemmis
983 2700 1030 2742 in
1069 2700 1272 2752 circuitu,
1314 2702 1436 2755 quod
1475 2700 1791 2742 mandavimus
1823 2699 1944 2741 tradi
1978 2733 1984 2739 .
2022 2733 2028 2739 .
2066 2732 2073 2738 .

457 2772 591 2814 fratri
623 2773 668 2814 P.
702 2773 868 2828 Alegre
902 2773 957 2814 ad
997 2785 1109 2827 opus
1144 2771 1313 2826 capelle
1354 2774 1507 2813 nostre
1543 2806 1549 2812 .
1587 2805 1594 2812 .
1630 2805 1637 2812 .
1674 2770 1912 2822 Quoddam
1953 2769 2076 2824 psal-

457 2843 620 2885 terium
652 2857 858 2899 parvum,
899 2843 1017 2898 quod
1062 2845 1160 2884 erat
1198 2842 1242 2883 in
1288 2843 1483 2897 quadam
1522 2842 1661 2885 bursa
1695 2842 1747 2883 de
1779 2853 1942 2896 panno,
1978 2873 1984 2879 .
2022 2873 2029 2880 .
2066 2872 2073 2879 .

457 2913 681 2969 sepedicte
723 2914 901 2956 domine
943 2912 1143 2954 consorti
1189 2915 1343 2954 nostre
1377 2946 1384 2953 .
1422 2946 1428 2953 .
1466 2947 1473 2953 .
1507 2913 1622 2954 Item
1663 2913 1775 2953 duas
1826 2909 1979 2965 pecias
2021 2909 2075 2950 de

458 2984 704 3037 camellots,
746 2999 832 3041 que
871 2983 1053 3026 fuerunt
1092 2983 1290 3025 filiarum
1332 2985 1606 3035 nostrarum,
1653 2983 1706 3024 de
1751 2981 1915 3036 quibus
1957 2979 2077 3021 facte

599 3088 627 3133 ⁷)
654 3088 743 3123 Dem
767 3089 1027 3124 Pr'atendenten
1051 3087 1196 3122 Alfonso
1223 3088 1264 3122 de
1290 3087 1323 3121 la
1348 3087 1471 3123 Cerda.
