2296 3512
1108 303 1423 344 —838—

453 427 687 483 regiminis
735 429 1062 484 gubernentur:
1110 430 1253 482 nobis,
1302 434 1433 486 pater
1479 432 1775 485 sanctissime,
1825 447 2071 489 congruum

455 498 696 550 videretur,
740 499 867 541 salva
903 500 949 541 in
989 501 1196 543 omnibus
1228 502 1487 544 reverencia
1521 503 1767 558 apostolice
1801 504 2071 553 sanctitatis,

454 572 506 610 ut
537 572 659 611 statu
686 574 840 612 nostre
874 571 1148 614 condicionis
1183 574 1368 625 attento,
1403 585 1534 626 quem
1569 573 1783 615 honorari
1815 574 2073 630 specialiter

457 651 483 680 a
527 642 679 682 vestra
726 641 1004 683 beatitudine
1050 655 1305 697 speramus,
1360 646 1402 685 et
1449 645 1561 685 bone
1610 644 1872 688 intentionis
1918 650 2072 688 nostre

455 710 691 765 proposito
755 711 1080 768 circumspecto
1143 713 1188 754 in
1246 713 1505 757 huiusmodi
1563 715 1861 770 dignitatibus
1929 716 2075 758 nostri

457 780 644 822 dominii
677 781 958 825 conferendis
990 784 1134 835 nobis,
1169 784 1247 839 qui
1278 798 1575 840 personarum
1608 786 1826 829 habemus
1850 786 2073 837 notitiam,

455 851 657 906 plenarie
700 853 964 908 dignaretur
1002 858 1152 897 vestra
1192 855 1425 897 beatitudo
1467 856 1642 898 deferre
1685 861 1728 898 et
1766 871 1920 913 preces
1952 857 2076 913 regie

458 921 694 977 dignitatis
737 924 978 980 filim-uma)
1023 926 1117 967 eius
1156 926 1537 980 suplicacionibus
1573 926 1808 969 anteferre.
1872 929 1964 970 Nec
1997 942 2076 983 pu-

457 994 607 1036 tamus
653 995 708 1036 ab
743 996 941 1050 equitate
974 996 1215 1049 discedere,
1248 1000 1380 1052 pater
1410 998 1627 1053 piissime,
1661 998 1700 1041 si
1734 1002 1905 1041 motum
1939 999 2077 1041 animi

456 1064 603 1106 nostri
635 1065 767 1108 huius
800 1067 940 1109 series
973 1067 1198 1123 scripture
1232 1068 1551 1122 depromimus,
1591 1069 1695 1110 dum
1732 1069 1944 1121 ecclesiis,
1977 1083 2078 1125 pre-

459 1134 744 1178 decessorum
782 1141 1042 1180 nostrorum
1075 1138 1310 1194 sanguinis
1345 1138 1558 1182 effusione
1592 1139 1778 1183 consitis
1811 1144 1855 1183 et
1875 1154 1956 1194 per
1976 1140 2078 1183 illos

460 1208 503 1246 et
542 1218 625 1249 nos
667 1206 868 1251 fundatis
907 1209 1082 1264 pariter
1120 1213 1162 1251 et
1201 1209 1390 1263 dotatis,
1438 1211 1607 1252 nostris
1639 1212 1907 1267 postpositis
1941 1211 2079 1266 supli-

459 1276 720 1321 cacionibus
759 1280 988 1334 provideri
1033 1280 1347 1336 conspicimus,
1391 1281 1467 1336 qui
1501 1294 1581 1335 pro
1615 1282 1764 1338 dignis
1796 1282 2002 1338 personis
2037 1285 2080 1324 et

458 1347 661 1400 providis
695 1350 750 1392 ob
785 1351 999 1393 honorem
1025 1355 1067 1393 et
1088 1351 1333 1394 utilitatem
1359 1352 1648 1395 ecclesiarum
1672 1353 1874 1409 ipsarum
1898 1357 2079 1396 nostros

459 1417 698 1474 dirigimus
735 1421 1021 1464 intercessus.

599 1489 683 1533 Reg.
709 1489 779 1525 250
803 1491 830 1524 f.
858 1492 938 1526 56V.

602 1548 765 1583 Erinnert
789 1560 833 1584 an
858 1550 977 1595 Urgel.
1020 1551 1192 1586 Tarazona
1229 1552 1299 1586 und
1325 1552 1458 1588 Lerida.
1509 1552 1669 1586 Letztere
1695 1552 1825 1586 Kirche
1857 1552 1976 1586 wurde
2010 1554 2083 1586 erst

458 1605 521 1639 auf
544 1606 663 1641 Bitten
689 1608 748 1642 des
774 1609 938 1644 Infanten
963 1610 1074 1645 Pedro
1113 1611 1184 1644 und
1220 1611 1306 1655 jetzt
1331 1611 1392 1644 auf
1416 1611 1530 1645 Bitten
1571 1611 1630 1645 des
1656 1611 1881 1646 Erzbisehofs
1906 1611 2082 1646 Johannes

459 1664 522 1698 der
546 1665 726 1701 Provision
753 1668 987 1711 voi-behalten,
1014 1669 1096 1703 aber
1121 1670 1319 1714 postpositis
1346 1669 1517 1714 precibus,
1556 1670 1610 1703 die
1636 1681 1674 1704 er
1700 1671 1761 1704 fiir
1786 1670 1906 1704 seiuen
1931 1669 2083 1704 Kanzler

460 1723 590 1758 Gaston
617 1725 721 1769 episc.
750 1726 912 1762 Oscensis
937 1734 1040 1773 getan
1066 1729 1135 1763 hat.
1186 1729 1293 1763 Bittet
1317 1729 1487 1772 dringend
1512 1729 1643 1764 diesem
1669 1729 1724 1763 die
1756 1729 1975 1773 angesehene
2012 1729 2083 1763 und

459 1783 578 1817 reiche
603 1784 764 1820 Pfrunde
791 1799 834 1821 zu
859 1787 980 1830 geben.
1023 1788 1102 1824 Dat.
1127 1788 1346 1822 Barchinone
1373 1788 1470 1822 vm.
1498 1789 1574 1822 idus
1592 1788 1805 1832 Septembris
1830 1798 1920 1822 anno
1951 1787 2083 1822 domini

459 1842 644 1878 millesimo
663 1844 903 1881 CCCXXVH.
946 1847 1009 1881 Ich
1027 1847 1134 1881 fiihre
1160 1847 1237 1881 hier
1255 1847 1310 1881 ein
1333 1847 1440 1882 Stiick
1457 1858 1517 1882 aus
1535 1848 1615 1881 dem
1632 1847 1715 1892 Reg.
1736 1847 1825 1882 1293
1847 1847 1990 1892 (Pedros
2008 1847 2083 1890 IV.)

461 1913 539 1936 vom
566 1904 672 1938 Jahre
702 1906 790 1940 1353
816 1917 870 1949 an,
897 1918 958 1941 aus
985 1907 1082 1941 einer
1099 1907 1594 1941 Gesandschaftanlnnocenz
1613 1907 1674 1940 VI.
1716 1906 1876 1941 Dieselbe
1894 1906 1987 1940 Bitte
2012 1916 2085 1940 war

460 1962 524 1995 mit
555 1962 734 1998 derselben
774 1966 940 1999 dusteren
966 1965 1197 2010 Schilderung
1233 1966 1340 1999 sehon
1379 1976 1422 1999 an
1448 1965 1609 2000 Clemens
1634 1966 1695 1999 VI.
1734 1966 1879 2009 gesandt
1914 1965 1984 1999 und
2016 1975 2083 1998 von

461 2020 593 2055 diesem
621 2022 784 2068 bewilligt
810 2025 966 2059 worden:

602 2083 716 2125 Item
751 2084 857 2140 diga
890 2085 933 2127 al
970 2089 1074 2128 sant
1110 2099 1235 2141 pare,
1271 2088 1411 2140 quant
1449 2085 1725 2140 dampnatge
1763 2098 1809 2126 se
1833 2084 2017 2139 segueix
2041 2083 2085 2125 al

464 2165 627 2208 senyor
666 2168 745 2209 rey
788 2170 809 2197 e
851 2156 924 2198 ala
956 2169 1039 2198 sua
1071 2170 1178 2200 cosa
1208 2156 1390 2212 publica
1424 2173 1445 2197 e
1480 2156 1572 2198 ales
1606 2155 1807 2210 esgleyes
1841 2156 1894 2197 de
1926 2155 1971 2196 la
2002 2167 2085 2196 sua

463 2225 588 2265 terra
634 2239 716 2280 per
762 2227 905 2269 rahon
948 2229 1001 2270 de
1033 2227 1098 2270 les
1130 2227 1386 2282 provisions
1419 2228 1472 2268 de
1506 2226 1570 2269 les
1602 2226 1856 2281 prelatures
1890 2239 1912 2267 e
1946 2225 2084 2267 altres

464 2293 684 2349 dignitats
727 2310 748 2338 e
789 2298 1013 2340 beneficiis
1059 2298 1391 2341 ecclesiastic-hs
1425 2299 1478 2340 de
1510 2297 1554 2339 la
1587 2297 1682 2339 dita
1716 2310 1797 2338 sua
1830 2299 1965 2348 terra,
2001 2309 2085 2351 que

465 2377 545 2406 son
593 2368 769 2410 estades
815 2382 895 2423 per
938 2369 1006 2412 los
1051 2371 1367 2425 predecessors
1401 2368 1472 2410 del
1505 2371 1608 2411 sant
1639 2381 1749 2423 pare
1782 2381 1804 2409 e
1836 2381 1917 2423 per
1949 2366 2006 2408 011
2040 2380 2084 2409 es

465 2436 541 2478 fan
587 2440 655 2479 tot
693 2438 768 2479 dia
810 2453 862 2484 en
895 2454 1110 2495 persones
1145 2444 1391 2494 estranyes,
1434 2452 1514 2493 per
1545 2438 1608 2480 tal
1644 2451 1726 2480 con
1758 2438 1826 2480 los
1858 2437 2030 2493 prelats
2063 2450 2085 2478 e

464 2508 530 2550 les
564 2522 777 2562 persones
812 2514 1058 2566 estranyes,
1094 2525 1119 2553 a
1153 2511 1230 2566 qui
1264 2524 1309 2552 es
1332 2510 1540 2566 provehit
1564 2510 1616 2551 de
1643 2509 1708 2551 les
1732 2509 1846 2551 dites
1871 2508 2084 2563 esgleyes,

466 2593 547 2622 son
589 2579 740 2621 daltra
771 2580 949 2636 lengua,
996 2581 1061 2624 les
1094 2585 1224 2636 gents
1258 2583 1311 2623 de
1345 2581 1388 2623 la
1422 2585 1544 2623 terra
1575 2580 1675 2623 nols
1703 2583 1905 2627 entenen,
1940 2593 1961 2620 e
1993 2578 2085 2634 pits

468 2664 553 2705 que
604 2664 670 2703 es,
720 2665 804 2707 que
852 2666 940 2707 noy
988 2656 1168 2705 aturen,
1216 2667 1297 2708 per
1345 2666 1430 2708 que
1463 2651 1601 2707 quaix
1634 2653 1752 2693 totes
1784 2650 1850 2692 les
1885 2649 2086 2704 esgleyes

467 2735 684 2764 romanen
727 2723 926 2765 desertes
972 2737 993 2765 e
1032 2737 1088 2765 no
1127 2724 1166 2765 si
1198 2724 1244 2765 fa
1278 2723 1352 2765 axi
1385 2736 1542 2778 servey
1575 2723 1629 2764 de
1660 2722 1772 2774 Deu,
1807 2733 1889 2763 con
1917 2719 2085 2770 deuria,

468 2791 532 2833 els
559 2792 769 2837 hedeficis
793 2807 914 2846 caen,
938 2808 959 2836 e
982 2794 1027 2836 la
1049 2795 1304 2850 ospitalitat
1337 2806 1464 2836 cessa
1487 2794 1539 2835 de
1566 2791 1647 2844 fer,
1681 2792 1726 2833 la
1748 2804 1806 2833 on
1827 2791 1896 2833 fer
1917 2803 1964 2832 se
1987 2790 2084 2831 deu.

467 2865 503 2906 E
528 2864 600 2906 ala
631 2865 745 2921 perfi
776 2867 844 2908 los
877 2869 1096 2908 sotmeses
1130 2865 1201 2908 del
1234 2878 1397 2920 senyor
1428 2878 1519 2918 rey,
1554 2876 1638 2918 que
1671 2875 1752 2905 son
1786 2861 1912 2903 abtes
1947 2874 1969 2902 e
2002 2873 2086 2914 que

469 2937 614 2980 serien
648 2936 890 2992 profitoses
924 2951 978 2979 en
1009 2937 1077 2979 los
1112 2936 1302 2978 conseUs
1337 2949 1358 2977 e
1391 2934 1525 2976 affers
1559 2933 1629 2975 del
1652 2945 1815 2986 senyor
1835 2944 1914 2986 rey
1938 2943 1960 2971 e
1983 2930 2083 2972 dela

470 3021 552 3051 sua
594 3022 699 3051 cosa
739 3008 922 3065 publica
970 3022 991 3050 e
1031 3008 1107 3063 qui
1150 3005 1443 3049 treballarien
1475 3004 1885 3047 volenterosament
1919 3014 1940 3042 e
1965 3003 2084 3043 estu-

610 3096 638 3136 a)
664 3091 707 3126 So
734 3092 796 3125 der
821 3089 1074 3134 merkwiirdige
1101 3088 1293 3123 Ausdruek.
