2296 3512
875 252 1193 292 —841—

228 379 473 435 assignare,
506 392 607 420 cum
639 379 931 432 inquisitores
965 380 1022 421 ad
1055 393 1242 434 presens
1266 381 1384 422 dicto
1407 381 1595 435 negocio
1629 394 1719 422 non
1741 394 1850 435 pos—

227 449 317 491 sint
349 449 593 501 intendere,
628 451 696 491 set
727 451 831 504 post
863 462 1032 504 paucos
1056 450 1151 491 dies
1177 451 1401 493 messibus
1430 451 1631 493 collectis
1658 451 1854 493 manda·

227 520 373 562 bimus
408 519 538 561 dictis
569 519 929 573 inquisitoribus,
964 521 1083 574 quod
1114 523 1363 575 procedant
1390 523 1446 563 ad
1474 521 1845 577 condempnacio-

225 604 326 632 nem
372 591 628 642 eorundem,
673 593 811 645 prout
855 589 1083 633 videbitur
1129 592 1352 646 expedire.
1422 594 1479 635 Et
1518 593 1636 635 diem
1675 596 1845 635 certam

226 674 307 703 nos
341 663 384 702 et
410 660 517 702 dicti
538 660 830 714 inquisitores
857 661 983 703 vobis
1006 661 1324 705 mandabimus
1352 664 1533 706 domino
1563 664 1846 706 concedente.

226 732 328 773 Dat.
363 731 573 772 Narbone
605 731 658 772 V.
692 731 793 773 idus
825 731 949 773 Julii.

366 800 455 835 CRD
493 802 596 835 4167.
659 801 716 835 Or.
761 801 843 844 Pap.
889 801 963 844 Ssp.
1028 801 1101 835 Der
1144 801 1329 835 Schreiber
1372 802 1416 836 ist
1460 803 1520 836 der
1564 806 1698 846 spatere
1739 804 1845 847 Papst

227 858 386 894 Clemens
412 859 472 895 IV.

366 920 432 952 Am
461 920 490 952 ῖ.
516 919 598 953 Juni
632 918 722 952 1298
758 918 901 952 befiehlt
926 919 1051 962 Jayme
1083 920 1163 953 dem
1194 919 1394 953 Bernardus
1427 920 1469 953 de
1500 921 1766 964 Montepauone,
1805 921 1848 955 da

225 977 270 1011 fr.
288 977 487 1011 Bernardus
504 977 683 1022 Peregrini
710 978 785 1022 [der
803 978 975 1012 Gesandte
1002 989 1044 1011 an
1062 978 1233 1012 Benedikt
1252 978 1316 1012 XI.
1338 978 1404 1022 vgl.
1425 979 1612 1013 Abschnitt
1631 980 1678 1023 ll]
1705 981 1747 1013 de
1774 980 1845 1014 ord.

225 1036 325 1071 Pred.
353 1036 395 1069 ad
420 1036 665 1080 inquirendum
691 1039 812 1070 contra
848 1037 1021 1070 hereticos
1047 1048 1067 1070 a
1093 1038 1174 1071 sede
1200 1037 1388 1081 apostolica
1425 1038 1609 1082 deputatus
1635 1039 1723 1072 nach
1751 1039 1848 1072 Mon-

225 1098 343 1128 taneas
368 1095 409 1128 de
435 1094 567 1129 Pratris
594 1095 662 1129 will
687 1096 759 1129 und
785 1096 842 1129 da:
876 1099 993 1129 nostra
1018 1096 1157 1130 intersit
1182 1096 1314 1130 crimen
1339 1096 1538 1131 huiusmodi
1569 1097 1653 1131 fidei
1681 1097 1848 1131 catholice

226 1153 447 1192 contrarium,
480 1165 546 1198 que
572 1154 741 1188 bonorum
768 1158 966 1188 nostrorum
992 1155 1145 1189 omnium
1174 1166 1294 1189 verum
1320 1156 1589 1190 tundamentum
1614 1156 1742 1198 existit,
1775 1156 1848 1189 sine

226 1223 291 1256 quo
318 1212 453 1256 placere
470 1213 544 1247 Deo
570 1224 639 1247 non
665 1213 846 1257 possimus,
874 1214 952 1248 dass
978 1225 1016 1248 er
1041 1214 1113 1248 ihm
1139 1215 1208 1250 300
1227 1214 1294 1249 Sol.
1321 1226 1383 1249 aus
1409 1215 1475 1248 den
1493 1215 1709 1249 Einkiinstten
1735 1216 1850 1249 seiner

225 1271 360 1315 Bajulie
385 1272 482 1315 gebe.
533 1272 623 1307 CBD
649 1272 728 1306 490.

227 1393 323 1432 521.
357 1390 636 1433 Erzbisehof
663 1391 920 1434 Rodericus
952 1404 1040 1434 von
1072 1392 1342 1446 Tarragona
1384 1405 1435 1435 ac
1472 1394 1625 1435 totum
1665 1395 1849 1447 provin-

226 1462 344 1504 ciale
376 1462 623 1504 concilium
657 1462 1002 1505 Terraeonense
1042 1476 1099 1504 an
1131 1464 1292 1519 Jayme
1324 1464 1411 1506 IL:
1452 1463 1669 1507 Statuten
1703 1476 1851 1517 gegen

226 1532 300 1574 die
332 1532 594 1574 kirchliche
627 1533 853 1587 Freiheit,
886 1533 961 1575 die
993 1535 1043 1575 in
1075 1534 1360 1576 Katalonien
1391 1536 1599 1577 erlassen
1625 1535 1719 1577 und
1747 1547 1850 1578 vom

224 1603 382 1656 Kiinig
414 1604 641 1657 bestatigt
673 1604 882 1655 wurden3
916 1605 1048 1646 Bitte
1069 1617 1127 1646 an
1150 1605 1239 1647 (len
1261 1604 1419 1659 Kiinig
1441 1619 1516 1648 um
1541 1606 1849 1659 Aufhebung3

225 1675 484 1727 Zulassung
516 1676 648 1717 einer
679 1675 1183 1718 Konzilskommission
1216 1677 1390 1719 seitens
1423 1677 1503 1719 des
1536 1676 1732 1730 Kiinigs,
1775 1677 1852 1719 die

362 1745 437 1787 bei
468 1745 566 1787 ihm
600 1746 849 1791 vorstellixz
880 1747 1064 1788 werden
1097 1747 1202 1789 soll.
1266 1747 1450 1803 (13042)
1483 1749 1605 1790 Miirz
1638 1748 1708 1790 31.

368 1829 521 1883 Nuper
580 1827 841 1869 excellentie
895 1831 1043 1871 vestre
1086 1829 1420 1873 notificavimus
1473 1844 1555 1885 per
1609 1830 1851 1873 nonnullas

226 1911 445 1954 personas
485 1898 712 1941 seculares
751 1900 804 1940 de
844 1897 1082 1941 Catalonia
1120 1899 1256 1942 ivisse
1298 1900 1418 1942 edita
1451 1902 1644 1955 quedam
1677 1903 1852 1944 statuta

227 1972 385 2011 contra
415 1969 626 2012 ecclesias
661 1973 704 2012 et
735 1983 955 2026 personas
991 1970 1322 2014 ecclesiasticas
1356 1976 1399 2014 et
1431 1971 1476 2013 in
1510 1973 1851 2028 derogationem

228 2043 271 2083 et
303 2040 646 2083 subversionem
679 2040 983 2084 ecclesiastice
1015 2041 1256 2094 libertatis,
1298 2056 1382 2097 que
1414 2056 1497 2099 per
1528 2046 1729 2085 vestram
1763 2043 1849 2084 cel-

227 2110 469 2155 situdinem
501 2111 684 2154 fuerunt
716 2111 854 2154 etiam
878 2112 1159 2155 confirmata.
1225 2112 1370 2169 Super
1397 2113 1574 2169 quibus,
1598 2116 1648 2155 ut
1675 2128 1727 2156 ea
1754 2115 1857 2169 dig-

227 2181 449 2225 naremini
495 2195 730 2235 revocare,
781 2183 910 2226 vobis
954 2183 1188 2226 humiliter
1232 2184 1443 2227 duximus
1489 2185 1849 2241 supplicandum.

229 2254 370 2303 Quam
403 2252 779 2308 supplicationem
818 2254 1163 2310 magnificencia
1194 2258 1349 2298 vestra
1381 2255 1574 2311 benigne
1607 2256 1852 2299 admittens

227 2324 371 2366 voluit
404 2327 447 2365 et
479 2323 721 2377 ordinavit,
753 2327 804 2366 ut
828 2325 924 2367 XV.
955 2326 1025 2367 die
1057 2328 1162 2381 post
1186 2326 1363 2369 instans
1395 2326 1561 2369 festum
1587 2341 1722 2382 pasce
1749 2340 1852 2369 con-

228 2395 350 2437 tinue
382 2395 664 2436 numeranda
696 2396 753 2436 ad
785 2395 1016 2438 civitatem
1047 2397 1324 2440 Ilerdensem
1365 2398 1422 2439 ad
1453 2411 1532 2440 vos
1564 2398 1851 2440 mitteremus

226 2465 414 2507 nuncios
461 2467 643 2506 nostros
691 2464 982 2521 sollempnes,
1033 2467 1109 2522 qui
1151 2481 1288 2523 super
1327 2468 1618 2511 revocatione
1657 2482 1736 2511 seu
1777 2469 1851 2510 de-

228 2535 476 2578 claratione
499 2535 805 2590 predictorum
834 2539 1112 2580 statutorum
1134 2540 1388 2581 tractarent
1411 2553 1511 2581 cum
1542 2542 1693 2582 vestra
1725 2539 1851 2594 regia

227 2608 480 2662 magestate
514 2638 522 2646 .
558 2639 566 2646 .
601 2640 609 2647 .
644 2606 749 2648 Dat.
783 2606 1032 2650 Terracone
1064 2609 1210 2663 pridie
1242 2610 1462 2652 kalendas
1493 2610 1680 2666 Aprilis.

370 2675 459 2711 CRD
489 2675 618 2710 11504.
660 2676 726 2709 Die
751 2676 997 2720 Abgesandten
1021 2677 1098 2712 sind
1121 2678 1321 2724 A[rnaldus]
1348 2679 1582 2722 Dertusensis,
1609 2680 1853 2724 R[ain1undus]

229 2734 445 2776 Valentinus,
470 2735 514 2768 fr.
531 2734 752 2779 G[uilelmus]
778 2734 1007 2779 Urgellensis,
1033 2736 1071 2770 P.
1090 2736 1278 2772 Ilerdensis
1304 2738 1468 2782 episcopi,
1495 2739 1539 2772 fr.
1557 2738 1598 2772 R.
1626 2738 1667 2771 de
1693 2737 1852 2782 R1pp011.,

227 2794 393 2838 magister
420 2793 616 2838 Hospitalis,
649 2794 694 2828 fr.
721 2794 953 2838 Berengarius
979 2795 1021 2828 de
1047 2794 1204 2830 Cardena
1229 2797 1394 2840 magister
1418 2797 1545 2830 milicie
1569 2796 1712 2840 Templi,
1751 2798 1852 2841 Hugo

229 2853 270 2887 de
297 2853 453 2888 Cardona
483 2853 745 2887 archidiaconus
771 2853 1074 2888 Barchinonensis.
1124 2856 1192 2889 Am
1224 2855 1410 2890 friihesten
1442 2855 1542 2890 stirbt
1567 2866 1634 2889 von
1665 2856 1785 2890 diesen
1810 2858 1850 2892 A.

227 2912 452 2946 Dertusensis
490 2917 559 2955 (am
596 2911 652 2947 20.
690 2911 760 2945 ι11111
800 2912 915 2956 1306).
970 2912 1047 2946 Von
1085 2913 1153 2946 den
1191 2914 1227 2947 in
1263 2914 1431 2948 Betracht
1466 2915 1697 2949 kommenden
1736 2920 1852 2949 ersten

227 2971 356 3005 Jahren
385 2971 445 3005 des
471 2971 726 3005 Jahrhunderts
752 2976 828 3015 past
856 2970 945 3005 1304
971 2981 1027 3004 am
1053 2971 1174 3006 besten
1205 2984 1247 3007 zu
1273 2973 1335 3006 der
1360 2972 1502 3017 Angabe
1533 2983 1589 3007 am
1615 2973 1754 3008 Schluss
1792 2974 1851 3007 des

228 3029 379 3064 Briefes.
430 3029 570 3064 Damals
597 3041 668 3064 war
694 3030 818 3063 Ostern
845 3040 900 3063 am
926 3029 983 3064 29.
1009 3030 1116 3066 Man.
