2296 3512
1085 259 1404 299 —848—

434 388 532 428 528.
570 386 837 429 Bernardus
861 387 916 428 (19
941 387 1142 428 Abbacia
1173 386 1315 428 iudex
1349 387 1478 428 curie
1505 399 1563 428 an
1586 386 1755 429 Petrus
1778 387 1833 429 (19
1856 387 2056 429 1110119110

428 457 843 499 ‘vicecancellarius
875 457 968 498 und
1002 456 1146 499 iudex
1179 459 1327 499 curie:
1362 458 1444 498 hat
1477 457 1622 498 wider
1654 457 1741 499 (1911
1767 457 2054 500 Missbraucli

437 528 520 569 der
551 527 1125 570 Konzilskonstitutionen
1158 539 1245 569 von
1277 528 1547 580 'Pari-agona
1578 527 1672 568 und
1704 539 1852 581 gegen
1885 527 1960 569 die
1982 539 2056 580 ge-

434 598 626 652 plantcn
657 609 807 640 neuen
847 599 1211 651 protestationes
1251 599 1466 651 gemacht
1498 598 1590 639 und
1624 598 1769 640 durch
1800 600 1853 641 B.
1887 599 1942 640 (19
1973 599 2056 640 Fo-

434 669 666 723 noyllario
706 669 807 710 (lem
842 668 1000 722 Konig
1032 668 1241 721 gesandt.
1304 669 1573 721 Tam-agona
1605 668 1711 723 (vor
1744 669 1859 710 1308
1891 669 2056 723 Ende).

578 761 691 804 Cum
733 762 883 804 clerici
922 762 1044 804 infra
1077 762 1434 805 dominacionem
1467 762 1638 803 domini
1669 763 1790 818 regis
1823 763 2059 805 constituti

436 833 739 875 diversimode
799 833 1048 875 abutuntur
1100 832 1504 875 constitucionibus
1562 832 1693 874 editis
1748 833 1795 874 in
1857 832 2058 876 conciljis

437 903 879 946 'serrachonensibus
928 906 1024 945 tam
1070 907 1230 945 contra
1274 902 1492 945 officiales
1538 903 1709 945 domini
1753 904 1874 959 regis
1922 916 2058 959 quam

434 977 597 1016 contra
630 974 743 1016 alios
778 978 820 1016 et
854 987 880 1015 a
911 974 1119 1029 pluribus
1153 973 1378 1015 diceretur
1411 976 1454 1015 et
1486 976 1605 1016 esset
1631 974 1832 1017 comunis
1859 974 2057 1030 oppinio,

439 1045 559 1100 quod
598 1045 732 1087 modo
766 1044 978 1086 volebant
1009 1043 1157 1086 facere
1191 1045 1412 1099 quasdam
1446 1045 1795 1087 constituciones
1827 1044 2058 1100 prioribus

437 1116 690 1170 nequiores,
727 1129 808 1171 ego
840 1118 1029 1171 propter
1059 1115 1218 1167 zelum,
1253 1128 1386 1170 quem
1420 1128 1526 1169 gero
1561 1116 1618 1157 ad
1648 1115 1719 1157 ius
1746 1115 1917 1158 domini
1938 1115 2059 1170 regis

438 1187 796 1228 conservandum
842 1185 928 1228 feci
976 1186 1196 1241 quasdam
1236 1185 1609 1241 protestaciones,
1643 1198 1756 1241 quas
1788 1185 2059 1228 venerabilis

433 1256 646 1298 dominus
673 1256 932 1298 Bernardus
966 1258 1018 1297 de
1050 1255 1338 1310 Fonoyllario
1372 1256 1553 1297 domino
1586 1256 1683 1311 regi
1715 1256 1866 1298 mittit.
1929 1255 2061 1308 Quod

436 1327 694 1369 habuerunt
718 1327 849 1369 valde
880 1327 1122 1370 molestum
1155 1340 1310 1369 omnes
1341 1327 1387 1368 in
1421 1327 1540 1368 dicto
1575 1326 1763 1370 concilio
1798 1327 2062 1383 congregati

439 1405 482 1439 et
515 1398 774 1453 specialiter
806 1398 1014 1440 dominus
1047 1397 1315 1440 Valentinus
1340 1397 1577 1453 episcopus
1612 1432 1619 1439 .
1654 1431 1663 1440 .
1701 1432 1708 1439 .
1772 1398 1875 1440 Dat.
1900 1397 2060 1439 Terra-

439 1469 578 1510 chone
612 1469 681 1510 die
714 1469 875 1511 martis
907 1472 1011 1523 post
1042 1468 1207 1511 festum
1241 1469 1428 1510 katedre
1461 1482 1495 1511 s.
1529 1469 1663 1510 Petri.

580 1550 669 1585 CRD
697 1550 765 1585 888
791 1562 817 1586 s,
844 1551 869 1586 f.
921 1550 978 1585 Or.
1006 1551 1088 1594 Pap.
1138 1550 1203 1584 Die
1242 1550 1436 1595 Datierung
1473 1550 1534 1584 der
1567 1550 1641 1584 Zeit
1679 1551 1740 1584 der
1776 1550 1901 1584 beiden
1932 1549 2060 1584 Staats-

437 1613 584 1643 manner
622 1609 889 1653 entsprechend.
940 1610 993 1643 Im
1020 1609 1151 1643 Archiv
1190 1608 1347 1642 befindet
1384 1608 1458 1642 sich
1496 1609 1552 1642 ein
1589 1608 1720 1642 kleines
1750 1609 1847 1651 Hest,
1885 1609 1946 1642 das
1984 1608 2061 1642 eine

439 1669 572 1703 Schrift
597 1680 706 1713 gegen
733 1669 787 1702 die
808 1669 1090 1702 Konstitutionen
1108 1667 1251 1711 enth'alt⁷
1277 1667 1488 1712 beginnend:
1515 1668 1684 1710 Quoniam
1703 1667 1862 1712 exempla
1886 1668 2060 1711 preterita,

439 1728 495 1762 Sie
522 1729 566 1761 ist
591 1739 634 1761 an
661 1728 866 1762 Erzbischof
890 1728 1080 1761 Rodelicus
1112 1727 1183 1761 und
1209 1727 1304 1761 scine
1330 1727 1539 1771 Suffragane
1564 1727 1746 1771 gerichtet,
1783 1738 1878 1760 muss
1904 1726 1973 1760 also
2000 1737 2062 1760 vor

441 1788 532 1823 1308
557 1787 655 1821 Ende
680 1787 909 1830 geschrieben
934 1786 1019 1822 sein.
1070 1786 1121 1820 Ob
1148 1797 1184 1820 es
1210 1787 1264 1820 die
1291 1785 1411 1820 Arbeit
1443 1787 1503 1820 des
1529 1786 1569 1820 B.
1596 1787 1638 1820 de
1664 1785 1816 1819 Abbacia
1841 1786 1909 1819 ist?
1949 1784 2060 1819 Aller-

426 1847 538 1890 ›diugs
575 1846 636 1880 hat
673 1846 722 1880 sie
754 1846 792 1881 B.
832 1846 873 1879 de
899 1845 1092 1879 Fonollario
1130 1845 1162 1878 in
1214 1845 1344 1879 seinem
1393 1845 1530 1879 Namen
1567 1848 1805 1889 vorgetragen.
1865 1844 1930 1878 Die
1966 1844 2061 1878 Kon-

431 1906 644 1939 stitutionen
684 1905 821 1946 dienen,
859 1905 968 1938 heisst
1006 1915 1057 1938 es:
1096 1905 1138 1938 ad
1164 1904 1400 1948 usurpandum
1427 1905 1499 1938 eius
1537 1904 1611 1948 (des
1635 1904 1778 1948 Konigs)
1805 1903 2063 1937 iun'sdieeiones

440 1968 473 1998 et
499 1964 596 1998 vobis
627 1963 710 2007 ipsis
736 1963 888 1998 indebite
914 1963 1166 2007 applicandum.
1216 1963 1280 1997 Die
1307 1963 1590 1996 Konstitutionen
1621 1966 1731 1996 nennt
1758 1973 1795 1995 er
1820 1962 2061 1996 destitutiones

440 2034 536 2057 sacre
574 2023 698 2067 pagine
725 2023 899 2066 sacrisque
926 2022 1114 2056 canonibus
1152 2025 1186 2055 et
1217 2021 1348 2066 leg-ibus
1375 2021 1552 2055 obviantes
1585 2024 1618 2055 et
1654 2020 1901 2064 multiplicibus
1932 2020 2062 2064 laqueis

443 2083 623 2116 innodatas
661 2083 703 2115 ad
740 2082 886 2115 miseras
912 2082 1043 2115 animas
1075 2081 1297 2124 captivandas
1325 2108 1331 2114 .
1394 2109 1401 2115 .
1429 2080 1699 2115 Constitutiones
1731 2091 1792 2124 per
1818 2090 1877 2113 vos
1908 2079 2061 2123 promul-

432 2147 522 2185 ⁴gate
551 2169 556 2175 .
578 2169 584 2175 .
605 2170 612 2176 .
640 2141 788 2184 puniunt
814 2141 1025 2176 innocentes.
1075 2140 1119 2174 Et
1144 2151 1205 2183 pro
1231 2150 1299 2173 uno
1317 2142 1473 2181 nocente,v
1500 2139 1592 2172 infra
1611 2139 1755 2173 alicuius
1773 2138 1933 2181 civitatis7
1959 2138 2063 2172 castri

442 2199 498 2234 vel
523 2199 603 2233 11119
641 2199 767 2233 limites
794 2205 992 2233 comorante
1025 2199 1150 2233 ceteris
1182 2199 1273 2232 infra
1300 2199 1406 2232 dictos
1447 2198 1573 2231 limites
1611 2197 1829 2242 presentibus
1855 2208 2061 2241 quamquam

445 2258 686 2293 innocentibus
712 2258 920 2292 subtrahunt
959 2258 1145 2291 beneft'icia
1170 2265 1203 2291 et
1229 2257 1462 2291 ecclesiastica
1492 2260 1718 2299 sacramenta,
1756 2257 1856 2301 quod,
1895 2263 2062 2300 quantum

441 2319 486 2353 sit
510 2318 676 2352 naturalis
718 2317 827 2361 [iuris]
855 2319 889 2350 et
912 2317 1092 2361 utriusque
1112 2317 1289 2350 dissonum
1307 2317 1476 2360 equitatis7
1504 2327 1570 2360 que
1590 2327 1659 2350 non
1684 2316 1846 2360 permitet
1870 2314 1974 2349 alium
2000 2325 2061 2358 pro

443 2377 508 2411 alio
534 2376 761 2421 preg[r]avari
798 2379 851 2409 set
882 2376 996 2409 sanxit
1032 2376 1150 2419 pocius
1187 2375 1332 2419 relinqui
1370 2376 1526 2409 nocentis
1557 2375 1692 2409 facinus
1718 2374 1926 2419 impunitum
1959 2384 2062 2418 quam

442 2436 637 2480 opprimere
681 2435 916 2477 innocentem⁷
965 2434 1129 2468 avertatis
1180 2445 1260 2476 vos,
1306 2434 1475 2468 dictarum
1519 2434 1809 2468 constitucionum
1853 2433 2060 2467 conditores!

441 2496 620 2529 Avertatis
646 2494 797 2537 insuper,
826 2494 994 2536 quomodo
1021 2493 1151 2527 directo
1177 2499 1394 2527 sacrosancte
1413 2493 1566 2526 Romane
1592 2492 1737 2527 ecclesie
1755 2492 2062 2526 constitucionibus

442 2554 683 2588 contradit-unt
721 2544 982 2596 prohibentibus
1007 2562 1068 2595 pro
1095 2551 1207 2585 debito
1246 2551 1390 2586 alicujus
1416 2552 1540 2595 privati
1567 2551 1749 2585 ecclesiam
1774 2562 1836 2585 seu
1861 2550 1975 2584 locum
2000 2549 2060 2584 ali-

443 2624 546 2657 quem
572 2611 805 2646 ecclesiastico
839 2611 948 2645 subici
975 2611 1174 2644 interdicto!
1214 2611 1256 2644 Et
1280 2617 1408 2644 tamen.
1441 2613 1479 2644 ut
1505 2621 1565 2643 vos
1592 2610 1708 2644 nostis.
1742 2609 1945 2643 constitucio
1971 2609 2063 2643 edita

442 2683 462 2706 a
486 2672 611 2705 minori
637 2671 823 2714 superioris
849 2669 1136 2704 constitucionem
1162 2681 1230 2703 non
1257 2672 1370 2713 potest
1394 2669 1516 2703 tollere
1542 2680 1606 2703 nec
1632 2669 1663 2703 ei
1687 2669 1723 2702 in
1749 2668 1860 2712 aliquo
1886 2669 2059 2712 derogare,

443 2741 523 2764 cum
560 2730 704 2764 inferior
741 2729 776 2763 in
814 2729 1030 2772 superiorem
1067 2732 1257 2772 potetatem
1286 2735 1435 2772 nequeat
1461 2739 1635 2770 exercere,
1674 2728 1758 2772 quin
1789 2727 1898 2761 eciam
1935 2726 2062 2760 necin

443 2800 572 2833 mrem.
602 2800 680 2823 cum
707 2789 751 2823 sit
776 2792 897 2823 contra
922 2792 1091 2824 naturam,
1120 2789 1209 2832 quod
1235 2799 1357 2822 sei-ms
1382 2787 1478 2821 tollat
1502 2787 1615 2831 legem
1641 2786 1769 2821 domini
1796 2814 1802 2820 .
1830 2814 1838 2822 .
1865 2814 1873 2821 .

584 2860 748 2896 Ceterum
773 2860 871 2893 iuxta
895 2859 1005 2893 dictas
1031 2859 1299 2893 constitut-iones
1331 2869 1392 2902 pro
1418 2858 1543 2892 delicto
1569 2858 1670 2892 unius
1696 2856 1852 2891 extranei
1878 2857 1911 2889 et
1936 2855 2061 2899 privati

443 2921 515 2953 tota
544 2919 674 2960 civitas
702 2919 737 2952 in
763 2929 829 2963 qua
854 2919 970 2952 forsan
997 2922 1177 2951 morantur
1201 2923 1341 2951 centum
1366 2916 1460 2951 milia
1484 2917 1686 2950 innocentes
1711 2914 1942 2950 ecclesiastico
1968 2913 2060 2948 subi-

444 2978 612 3022 ci[un]tur
648 2978 831 3012 interdicto
870 2980 904 3011 et
928 2977 1029 3020 ipsis,
1067 2983 1105 3010 ut
1130 2980 1181 3010 est
1198 2977 1340 3019 dictum,
1367 2975 1599 3010 ecclesiastica
1623 2974 1775 3018 sufragia
1800 2973 2060 3009 subtrahuntur.

444 3036 504 3071 Set
541 3047 601 3080 pro
640 3036 745 3070 dolor.
783 3036 975 3070 verendum
1014 3038 1076 3069 est.
1114 3046 1158 3069 ne
1194 3046 1254 3069 vos
1293 3037 1327 3068 et
1363 3035 1625 3078 predecessores
1650 3033 1759 3067 vestri
1783 3032 1883 3066 dictis
1909 3031 2061 3066 conciliis
