2296 3512
943 254 1262 296 —561—

289 372 447 414 habita
498 374 857 419 consideratione
910 391 1065 422 eorum
1119 383 1353 438 dispendii.
1415 387 1612 431 Tandem
1666 391 1820 433 dicunt
1870 396 1914 436 et

291 442 487 484 offerunt
518 456 566 485 se
597 447 787 499 paratos
821 447 997 490 solvere
1029 464 1113 505 pro
1137 465 1293 496 eorum
1325 458 1546 511 portione,
1579 462 1629 502 ut
1658 462 1913 506 continetur

287 511 334 553 in
366 512 594 567 scriptura
625 518 863 569 pactorum
897 517 1015 561 inter
1046 534 1117 562 me
1150 523 1246 565 vice
1280 528 1323 566 et
1354 529 1533 571 nomine
1565 531 1735 573 domini
1766 534 1912 576 nostri

288 585 331 623 et
348 596 536 625 comune
553 584 785 628 Florencie
802 587 1076 643 habitorum⁷
1094 606 1230 647 quam
1247 595 1375 638 vobis
1390 600 1599 642 trasmito
1623 603 1909 656 presentibus

286 652 593 696 interclusam.
672 657 755 698 Est
817 659 954 701 etiam
1015 661 1207 706 intentio
1269 665 1304 706 F
1307 665 1635 713 lorentinorum
1698 673 1743 715 in
1807 674 1908 718 aliis

285 724 625 767 occurrentibus
665 727 809 770 multo
852 730 1013 785 magis,
1069 746 1205 788 quam
1248 748 1388 791 supra
1431 739 1600 783 dictum
1633 742 1705 796 sit,
1752 748 1908 788 nostro

284 793 464 835 domino
498 796 779 851 complacere
813 833 820 840 .
858 834 865 841 .
902 801 960 855 .4)

422 865 520 921 Ego
563 870 714 910 autem
756 869 940 913 intendo
984 875 1320 927 presentialiter
1361 879 1566 933 equitare
1605 883 1661 924 ad
1701 884 1907 928 civitates

280 934 495 988 Bononie,
530 935 751 981 Senarum
786 943 829 982 et
859 942 1057 985 Pistorii.
1118 945 1178 987 Et
1204 948 1336 990 credo
1360 949 1514 991 taliter
1536 951 1762 1007 hoperari,
1787 958 1905 1010 quod

282 1006 338 1048 ab
370 1006 457 1049 hiis
490 1008 637 1050 tribus
670 1010 933 1054 civitatibus
968 1014 1197 1070 adipiscar
1229 1018 1326 1060 flor.
1389 1020 1553 1063 XXVIn
1580 1023 1679 1065 auri
1712 1027 1756 1065 et
1788 1026 1904 1080 plus,

279 1076 318 1118 si
358 1077 460 1132 plus
501 1082 661 1133 potero
697 1114 704 1121 .
740 1115 748 1122 .
785 1115 792 1122 .
856 1082 1049 1127 Habetis
1093 1089 1437 1141 presencialiter
1479 1105 1739 1147 procurare,
1786 1098 1904 1151 quod

280 1147 490 1191 dominus
531 1153 687 1193 noster
729 1166 832 1195 suas
877 1154 1104 1199 describat
1142 1157 1321 1202 litteras
1361 1161 1543 1205 domino
1576 1165 1674 1220 regi
1705 1166 1903 1211 Roberto

278 1216 535 1262 inductivas
577 1221 728 1275 ipsum
767 1224 998 1268 dominum
1033 1241 1186 1283 regem
1218 1230 1480 1285 Robortum,
1516 1235 1636 1289 quod
1667 1235 1764 1291 ipse
1797 1251 1902 1281 suas

274 1287 453 1332 litteras
486 1291 713 1335 describat
747 1296 790 1335 et
821 1296 1106 1340 transmittat
1129 1300 1391 1345 civitatibus
1414 1304 1572 1347 Tuscie
1597 1305 1767 1350 Guelfis
1800 1321 1902 1351 con-

277 1358 486 1412 tinentes,
531 1362 728 1417 qualiter
769 1365 917 1409 dictus
950 1368 1159 1413 dominus
1192 1385 1273 1413 rex
1304 1372 1531 1418 Robertus
1564 1379 1800 1420 contentus
1834 1383 1902 1422 est

275 1431 320 1471 et
366 1431 476 1483 vult,
528 1435 649 1487 quod
695 1437 921 1480 tractatus
969 1438 1117 1483 factus
1163 1455 1245 1497 per
1276 1457 1347 1485 me
1393 1458 1476 1499 pro
1521 1446 1702 1490 domino
1743 1452 1900 1493 nostro

273 1500 453 1544 roboris
485 1501 750 1547 firmitatem
785 1507 988 1551 obtineat
1022 1544 1029 1551 .
1066 1544 1074 1552 .
1111 1545 1119 1552 .

414 1574 555 1625 Nova,
592 1588 677 1630 que
709 1576 934 1621 habentur
964 1580 1011 1622 in
1043 1581 1129 1626 hiis
1162 1585 1370 1639 partibus
1395 1587 1523 1630 vobis
1556 1589 1718 1632 scribo.
1770 1592 1898 1645 Ecce,

272 1643 393 1697 quod
425 1657 612 1687 comune
635 1646 669 1687 F
670 1646 861 1692 lorentie
895 1653 939 1692 et
962 1665 1150 1695 comune
1175 1655 1377 1699 Bononie
1400 1660 1444 1699 et
1466 1672 1654 1702 comune
1677 1659 1898 1705 Senatum

270 1712 494 1756 miserunt
534 1715 579 1757 in
611 1717 850 1762 Franciam
892 1734 973 1775 pro
1006 1723 1130 1766 mille
1172 1726 1302 1769 bonis
1334 1728 1557 1773 militibus
1592 1732 1648 1773 ad
1680 1732 1897 1788 gaggium

272 1783 369 1825 flor.
431 1786 518 1827 XX
550 1800 633 1842 pro
668 1789 869 1844 quolibet
901 1793 1044 1835 milite
1076 1808 1160 1850 pro
1194 1797 1396 1852 quolibet
1427 1813 1592 1843 mense.
1656 1802 1714 1844 Et
1746 1817 1896 1846 comu-

273 1853 348 1894 nia
394 1855 577 1912 Perugii
625 1861 668 1900 et
715 1861 912 1905 civitatis
961 1862 1157 1908 Castelle
1202 1870 1245 1910 et
1286 1869 1483 1925 Eugubii
1526 1874 1570 1913 et
1614 1873 1895 1918 Urbiveteris

273 1923 482 1968 similiter
524 1929 745 1973 miserunt
789 1932 835 1974 in
877 1933 912 1975 F
915 1935 1117 1978 ranciam
1161 1952 1244 1993 pro
1287 1938 1437 1983 CCCC
1484 1942 1614 1985 bonis
1658 1945 1892 1989 militibus.

272 1995 450 2038 Dicitur
478 1998 523 2040 in
543 2001 752 2054 partibus
773 2003 874 2046 istis
896 2004 1102 2060 firmiter,
1133 2011 1253 2064 quod
1276 2011 1485 2055 dominus
1511 2027 1591 2055 rex
1616 2014 1893 2059 Francorum

271 2065 317 2106 iu
350 2068 567 2111 auxilium
602 2073 644 2112 et
675 2072 886 2117 iuvamen
919 2077 1090 2119 domini
1122 2080 1241 2135 regis
1275 2081 1463 2125 Roberti
1495 2085 1539 2125 et
1564 2085 1711 2140 partis
1734 2086 1894 2130 Guelfe

271 2135 428 2179 Tuscie
459 2140 733 2184 transmittit
764 2145 886 2187 mille
920 2148 1061 2191 bonos
1094 2149 1262 2194 milites
1296 2153 1353 2194 ad
1392 2155 1561 2209 gaggia
1593 2158 1637 2198 et
1665 2157 1892 2213 stipendia

270 2206 379 2249 dicti
410 2209 580 2252 domini
611 2214 732 2268 regis
764 2216 1055 2261 Francorum.
1119 2222 1177 2263 Et
1209 2236 1364 2267 omnes
1386 2226 1578 2279 predicti
1599 2227 1767 2271 milites
1794 2243 1891 2272 esse

270 2277 433 2321 debent
472 2283 516 2322 et
554 2287 848 2338 expectantur
879 2288 926 2330 in
958 2291 1167 2345 partibus
1200 2293 1356 2336 Tuscie
1389 2295 1436 2337 in
1468 2298 1721 2340 subsidium
1755 2298 1890 2342 Guel—

273 2347 418 2391 forum
450 2350 496 2392 in
530 2351 618 2395 isto
654 2368 766 2397 vere.
831 2358 1023 2402 Tuscani
1055 2364 1205 2405 autem
1241 2363 1387 2407 Guelfi
1419 2380 1466 2409 se
1497 2371 1665 2423 parant
1698 2370 1890 2414 viriliter

271 2431 371 2461 cum
408 2434 575 2474 magno
615 2424 808 2470 exfortio
832 2442 968 2485 super
999 2431 1206 2476 faciendo
1241 2436 1486 2479 exercitum
1510 2442 1668 2482 contra
1698 2441 1886 2485 Pisanos

270 2494 315 2531 et
347 2489 598 2536 Gibellinos
631 2508 785 2538 eorum
817 2498 1068 2556 inimicos5)
1103 2537 1110 2545 .
1148 2538 1156 2545 .
1191 2539 1198 2546 .

406 2607 434 2652 ⁴)
459 2608 567 2643 Bittet
592 2610 761 2655 dringend
791 2614 827 2648 in
853 2615 1089 2663 zahlreichen,
1115 2621 1408 2667 nichtssagenden
1438 2625 1685 2672 Wendungen‚
1719 2629 1796 2663 dass
1823 2630 1885 2663 der

264 2665 379 2709 Konig
404 2667 471 2700 den
496 2668 645 2713 Vertrag
669 2671 885 2717 genehmige.

408 2725 434 2770 5)
462 2727 560 2760 Auch
591 2738 703 2772 gegen
728 2729 852 2766 Lucca.
902 2732 1082 2779 Dringend
1108 2737 1208 2772 bittet
1234 2750 1282 2783 er,
1315 2741 1394 2776 dass
1419 2742 1482 2776 der
1505 2743 1619 2789 Konig
1643 2745 1711 2779 den
1735 2746 1883 2781 Frieden

264 2783 440 2818 vermittle
478 2786 651 2820 zwischen
676 2788 807 2823 Robert
843 2792 914 2825 und
940 2792 1136 2839 Friedrich,
1175 2797 1240 2832 wie
1273 2809 1312 2832 er
1336 2799 1547 2845 (Schreiber)
1573 2813 1609 2837 es
1640 2804 1707 2837 den
1733 2805 1882 2839 Guelfen

263 2843 508 2886 versprochen.

403 2902 435 2936 J.
462 2902 524 2936 soll
550 2904 765 2939 verhandeln
801 2907 866 2941 mit
891 2907 1052 2945 Brancha
1076 2911 1183 2947 Doria
1208 2916 1278 2949 und
1302 2915 1479 2961 Bemabo,
1517 2919 1581 2953 mit
1607 2920 1674 2954 den
1698 2921 1879 2965 Malaspini

259 2959 334 2993 und
358 2959 464 2994 ihnen
490 2961 637 2996 Frieden
662 2964 726 2997 mit
750 2965 915 3000 Kardinal
940 2967 1051 3003 Lucas
1074 2970 1211 3006 Fieschi
1237 2975 1446 3011 vermitteln.
1488 2977 1560 3011 Der
1576 2979 1690 3023 Konig
1714 2979 1777 3013 soll
1803 2981 1878 3014 eine

260 3017 444 3052 feierliche
471 3020 739 3056 Gesandtschaft
765 3024 929 3059 schicken
954 3027 1026 3061 und
1051 3028 1112 3062 ibn
1137 3029 1185 3064 als
1204 3031 1458 3076 Mitgesandten
1483 3035 1707 3071 bezeichnen.
1751 3038 1814 3072 Wo
1840 3049 1879 3073 er

401 3100 468 3127 Fin
477 3102 495 3128 k
503 3110 519 3128 e
530 3123 536 3134 ‚
557 3104 631 3130 Acta
650 3104 855 3138 Aragonensia.
1692 3108 1737 3142 36
