2296 3512
812 263 1124 304 —883—

155 393 424 436 Friedrichs
455 392 598 445 zeige„
631 391 736 434 dass
768 402 816 433 es
850 389 1013 434 Gottes
1040 391 1183 433 Werk
1226 391 1294 433 sei
1303 404 1316 442 3
1348 391 1551 433 Arnalds
1583 390 1776 433 Aufent-

155 464 257 506 halt
287 476 345 505 an
377 462 460 504 der
490 462 640 504 Kurie
672 463 740 504 sei
771 473 854 503 zur
885 459 1161 515 Forderung
1195 461 1279 503 der
1300 460 1445 505 Sache
1476 461 1596 504 noch
1627 460 1776 515 niitig.

600 532 815 585 Avignon
847 530 1002 585 (1309)
1033 531 1218 584 August
1249 532 1321 574 25.

297 625 539 682 Copiosum
562 639 728 668 munus
761 625 914 680 gracie
946 624 1234 678 salvacionis,
1277 639 1362 681 que
1396 639 1476 667 vos
1509 639 1597 668 non
1630 625 1777 668 solum

155 697 482 753 temporalibus
515 695 713 751 fastigiis
743 695 1015 738 excellenter
1047 696 1222 749 extulit,
1256 698 1325 738 set
1347 697 1466 751 quod
1498 696 1642 738 multo
1674 696 1777 752 plus

157 772 237 820 est,
271 768 408 810 immo
433 768 552 823 quod
585 767 731 810 solum
754 780 859 808 vere
892 770 936 809 et
966 766 1141 808 utiliter
1163 769 1231 809 est
1263 767 1319 808 ad
1344 769 1545 808 eternam
1570 767 1777 820 salutem,

156 838 384 894 spirituali
418 837 587 880 lumine
620 838 676 879 ad
709 838 804 880 eius
837 837 1075 894 dirigenda
1109 840 1153 879 et
1185 837 1476 879 reformanda
1508 837 1701 892 vestigia
1731 837 1778 879 in

156 910 283 952 vobis
331 912 375 950 et
418 909 464 950 in
503 909 605 951 aliis
653 909 899 952 secundum
945 922 970 950 a
1009 908 1191 950 domino
1233 910 1389 950 nostro
1420 908 1562 950 Jhesu
1595 906 1776 950 Christo

155 994 260 1035 rege
281 994 440 1035 regum
463 979 717 1022 doctrinam
741 979 958 1021 traditam
982 978 1245 1031 illustravit,
1274 981 1317 1020 et
1338 979 1394 1020 ad
1421 979 1779 1033 recuperandam

155 1051 340 1093 Terram
363 1051 489 1093 illam
512 1054 732 1103 sanctam,
758 1064 894 1106 quam
916 1050 1035 1092 idem
1052 1050 1175 1092 Deus
1193 1052 1361 1101 noster,
1385 1049 1593 1091 dominus
1613 1049 1779 1092 ι11163113

156 1134 238 1164 sua
270 1135 402 1164 sacra
434 1121 780 1165 conversacione
824 1124 866 1163 et
906 1121 1101 1177 preciosi
1134 1119 1369 1176 sanguinis
1411 1119 1481 1162 sui
1512 1119 1780 1175 irrigatione

156 1193 413 1247 saoravita),
438 1205 515 1234 cor
540 1196 741 1236 vestrum
776 1193 979 1235 animoso
1012 1191 1190 1233 fervore
1223 1190 1445 1233 accendit:
1492 1190 1617 1233 sicud
1649 1190 1781 1232 nobis

156 1263 313 1305 retulit
343 1264 542 1319 prudens
577 1266 619 1306 et
652 1263 833 1319 sapiens
867 1266 911 1305 et
933 1263 1097 1318 spiritu
1119 1262 1205 1304 Dei
1240 1261 1416 1304 fervens
1448 1261 1668 1316 magister
1695 1262 1780 1302 Ar-

155 1335 318 1377 naldus
349 1334 683 1390 magnificentie
715 1334 838 1390 regie
869 1334 1043 1376 zelator
1073 1332 1317 1389 precipuus
1352 1335 1395 1374 et
1420 1331 1490 1373 vir
1521 1331 1704 1373 luminis
1739 1333 1783 1373 et

155 1405 351 1448 virtutis.
415 1406 473 1447 Et
503 1406 609 1448 licet
636 1407 693 1448 ad
720 1405 886 1458 omnia,
919 1418 1007 1459 que
1039 1404 1316 1460 respicerent
1347 1403 1681 1458 promotionem
1708 1416 1782 1444 ex-

156 1476 365 1518 cellencie
397 1477 535 1532 regie,
569 1490 651 1520 nos
684 1476 959 1520 senserimus
990 1476 1082 1517 iam
1110 1475 1277 1517 dudum
1303 1488 1357 1516 ex
1378 1474 1559 1516 interna
1582 1473 1784 1515 amicitia

156 1551 407 1603 promptos,
442 1549 498 1590 ad
531 1549 612 1590 hec
645 1551 809 1599 autem,
845 1560 929 1602 que
962 1546 1106 1589 eterni
1138 1545 1259 1601 regis
1288 1544 1667 1601 conquisitionem
1689 1556 1782 1586 res-

157 1618 330 1674 piciunt
372 1622 415 1660 et
457 1633 509 1660 ex
550 1619 697 1661 nostri,
738 1621 885 1661 status
917 1616 1257 1659 condicionibus
1289 1629 1372 1658 nos
1406 1615 1685 1671 contingunt,
1719 1614 1786 1657 sic

157 1703 239 1732 nos
272 1689 501 1732 offerimus
533 1692 745 1746 prompto
781 1690 927 1742 corde,
960 1691 1011 1730 ut
1042 1687 1106 1729 nil
1139 1701 1193 1729 ex
1233 1686 1600 1742 contingentibus
1639 1686 1782 1727 inten-

159 1760 317 1803 damus
351 1761 573 1813 omittere,
619 1761 726 1816 quin
759 1763 855 1803 toto
900 1772 1034 1816 posse
1078 1772 1160 1814 per
1202 1771 1285 1800 nos
1329 1757 1424 1809 fiat,
1471 1756 1684 1813 quicquid
1726 1756 1785 1798 ad

158 1833 252 1873 tam
297 1834 503 1873 sanctum
547 1832 911 1887 prosequendum
956 1829 1243 1886 propositum
1284 1828 1384 1871 fieri
1422 1827 1592 1883 poterit
1625 1827 1783 1869 auxilii

160 1904 203 1942 et
261 1901 444 1945 favoris.
537 1904 595 1945 Et
642 1904 696 1944 de
742 1903 827 1945 hoc
875 1902 987 1944 bene
1040 1900 1245 1957 predicto
1301 1899 1524 1955 magistro
1577 1898 1785 1940 Arnaldo

158 1975 393 2028 tamquam
446 1973 590 2016 amico
642 1977 799 2016 nostro
854 1972 1098 2016 karissimo
1156 1984 1210 2012 ex
1265 1970 1482 2022 bonitate,
1541 1982 1677 2025 quam
1732 1968 1781 2010 111

160 2043 259 2099 ipso
312 2044 549 2097 credimus,
605 2047 810 2087 nostram
866 2043 1124 2100 aperuimus
1177 2041 1471 2084 voluntatem.
1550 2039 1783 2082 Accrescit

162 2116 311 2156 autem
368 2114 560 2156 multum
615 2115 781 2170 gaudio
841 2114 990 2157 cordis
1046 2113 1193 2156 nostri
1250 2113 1303 2154 de
1354 2110 1576 2154 conformi
1627 2110 1786 2153 volun-

161 2188 256 2227 tate
288 2185 493 2228 sublimis
516 2185 734 2241 principis
758 2186 928 2228 domini
949 2184 1176 2228 Frederici
1208 2183 1336 2226 tercii
1358 2183 1442 2226 Dei
1474 2182 1630 2238 gracia
1661 2182 1785 2237 regis

160 2255 352 2298 illustris
385 2255 543 2299 fratris
575 2257 730 2310 vestri,
772 2257 905 2299 amici
936 2256 1083 2300 nostri
1114 2254 1362 2304 karissimi,
1399 2254 1456 2296 ad
1488 2253 1646 2295 eadem
1678 2255 1786 2294 vota

163 2326 319 2367 eodem
357 2325 521 2381 spiritu
553 2326 781 2368 concitati.
843 2327 911 2368 Ex
942 2327 1027 2369 hoc
1059 2326 1377 2369 concludentes
1415 2324 1624 2376 letanter,
1665 2323 1785 2379 quod

163 2395 303 2438 divini
324 2396 524 2438 muneris
552 2399 595 2438 et
618 2396 800 2439 effectus
832 2398 1041 2453 prosperi
1069 2400 1137 2439 est
1158 2396 1389 2448 indicium,
1423 2396 1603 2451 quando
1628 2395 1784 2437 eadem

162 2467 319 2523 gracia
357 2468 413 2509 ad
456 2466 627 2510 Christi
658 2468 742 2509 Dei
782 2467 928 2511 nostri
971 2468 1282 2522 reprimendas
1324 2466 1515 2509 iniurias
1556 2467 1705 2507 armat
1743 2467 1789 2506 et

164 2538 336 2579 animat
376 2541 470 2580 tam
511 2538 850 2582 strenuissimos
886 2538 1078 2594 pugiles,
1121 2551 1234 2593 quos
1267 2539 1422 2580 eadem
1461 2539 1629 2578 natura
1659 2549 1787 2577 mun-

164 2609 306 2651 danos
343 2608 570 2664 principes
612 2608 845 2664 generavit
883 2609 1096 2651 illustres.
1159 2609 1220 2650 Et
1264 2608 1433 2650 idcirco
1481 2605 1788 2649 concludendo

164 2683 370 2722 ortamur
416 2679 615 2735 regalem
660 2679 950 2722 serenitatem
987 2683 1187 2722 vestram
1233 2682 1276 2721 et
1319 2677 1570 2720 amiciciam
1618 2689 1788 2728 caram,

165 2753 387 2805 quatenus
429 2754 636 2792 sanctum
679 2754 943 2804 conceptum
986 2750 1051 2792 sic
1090 2749 1303 2793 fomentis
1346 2748 1510 2791 debitis
1557 2746 1788 2796 nutriatis,

166 2822 286 2876 quod
318 2822 375 2864 ad
406 2824 618 2876 paratum
650 2820 839 2877 perfecti
868 2820 1016 2876 operis
1039 2820 1123 2862 Dei
1154 2833 1339 2862 munere
1373 2817 1618 2862 salubriter
1649 2817 1789 2859 dedu-

166 2895 305 2935 catur.
369 2894 426 2935 Et
469 2893 649 2948 placeat
682 2891 981 2948 equanimiter
1026 2890 1158 2943 ferre,
1208 2891 1246 2934 si
1292 2890 1523 2946 predictus
1568 2887 1790 2942 magister

164 2964 394 3007 Arnaldus
437 2963 715 3019 aliquamdiu
758 2963 804 3004 in
837 2962 962 3004 curia
993 2964 1314 3016 commoratur,
1349 2960 1455 3016 quia
1486 2972 1591 3001 vere
1621 2957 1789 3000 iudicio

307 3048 337 3092 ³)
362 3045 462 3091 Folgt
485 3044 699 3089 iiberflussig
724 3047 759 3079 et
783 3044 866 3089 Reg.

1577 3110 1646 3144 56*
