2296 3512
1051 253 1369 292 -666—

396 379 444 421 in
487 379 645 436 regula
686 382 842 422 nostra
875 379 1063 421 dicitur:
1127 378 1327 422 Caveant
1367 379 1554 431 fratres,
1598 393 1652 421 ne
1700 381 1896 422 habeant
1940 394 2013 422 su-

398 453 554 506 specta
586 449 819 492 consorcia
851 450 922 491 vel
956 450 1144 493 consflia
1175 450 1429 502 mulierum,
1466 450 1592 492 cuius
1628 451 1904 492 contrarium
1937 451 2014 492 ob-

396 520 512 576 ligat
557 522 613 562 ad
655 519 861 563 mortale.
933 521 990 562 Et
1022 520 1122 564 ideo
1156 525 1325 577 quanta
1359 522 1525 563 debent
1557 521 1793 563 honestate
1826 521 2012 575 fulgere,

398 605 488 634 non
530 591 676 633 solum
712 591 963 646 exprimere
1006 594 1073 633 est
1111 591 1295 644 dificile,
1352 595 1421 634 set
1463 595 1531 634 est
1588 592 1717 646 quasi
1759 590 2013 647 imposibile

399 661 612 717 cogitare.
682 661 982 717 Relinquatur
1013 675 1202 717 suspens
1239 697 1247 704 .
1276 696 1284 704 .
1314 697 1346 715 .,
1380 666 1430 705 ut
1471 663 1700 715 honestas,
1746 675 1882 717 quam
1928 659 2014 702 dici

397 732 543 788 possit
575 731 646 773 vel
679 732 884 787 cogitari,
918 732 1111 787 amplius
1145 746 1171 775 a
1202 733 1332 776 nobis
1365 736 1583 776 servetur.

539 826 647 879 Hec,
690 826 889 882 inquam,
931 827 1154 870 tradimus
1197 827 1381 869 culmini
1423 827 1547 882 regio
1589 827 1771 881 eiusque
1804 824 2015 880 prudenti

399 896 586 939 consilio
630 899 673 938 et
716 897 932 939 vellemus
964 897 1049 939 toti
1081 899 1247 940 mundo
1282 897 1489 950 diffundi,
1523 911 1612 939 non
1645 900 1696 939 ut
1726 897 2014 938 intendamus

399 981 499 1009 cum
548 967 699 1022 aliquo
747 967 928 1023 litigare
977 968 1046 1009 vel
1093 968 1286 1023 aliquem
1327 968 1584 1022 molestare,
1628 971 1714 1019 set,
1756 970 1806 1009 ut
1846 965 2013 1023 [supra]

399 1037 576 1090 dicitur,
594 1041 753 1081 nostra
767 1038 827 1081 sit
844 1039 1033 1080 intentio
1051 1039 1293 1081 manifesta
1311 1041 1355 1079 et
1371 1041 1421 1080 ut
1439 1038 1724 1094 aliqualiter.
1749 1072 1757 1079 .
1783 1072 1791 1079 .
1813 1037 2015 1093 [11116]Πὶ-

398 1112 534 1163 gatur
567 1109 625 1163 (Ρ)
671 1109 817 1152 sancti
848 1109 1078 1152 Francisci
1119 1110 1214 1151 vita
1257 1113 1300 1151 et
1341 1109 1499 1164 regula
1533 1112 1576 1150 et
1607 1109 1824 1164 perfectio
1858 1111 2016 1151 nostra

399 1183 442 1221 et
484 1179 577 1222 eius
619 1180 854 1235 opposita,
897 1183 947 1222 ut
991 1180 1054 1223 sic
1094 1180 1324 1222 intellecta
1366 1179 1554 1222 velimus
1596 1179 1790 1221 nolimus
1833 1192 2015 1221 servare

398 1263 627 1306 cogamur,
681 1253 725 1292 et
776 1264 864 1293 non
907 1254 1140 1293 servantes
1186 1250 1548 1293 habominabiles
1603 1252 1810 1305 apostate
1861 1254 2015 1292 nostre

397 1321 552 1376 regule
586 1320 864 1377 [iudic]emur
886 1322 945 1376 (Ρ)
981 1324 1024 1363 et
1047 1324 1380 1376 contemptores
1408 1321 1591 1363 ecclesie
1616 1324 1659 1362 et
1681 1320 1847 1363 summi
1867 1320 2015 1376 ponti-

397 1391 494 1433 ficis
537 1394 579 1433 et
619 1392 741 1434 beati
784 1392 927 1435 nostri
960 1392 1105 1447 patris
1139 1392 1357 1443 Faneisci,
1393 1405 1418 1433 a
1452 1391 1614 1447 quibus
1659 1392 1739 1433 hec
1786 1392 1868 1433 sub
1915 1405 2016 1447 pre-

399 1463 540 1518 ceptis
586 1463 840 1518 accepimus
885 1466 927 1504 et
971 1463 1133 1505 merito
1173 1476 1262 1505 non
1295 1463 1405 1505 ordo
1440 1462 1614 1504 dicendi
1647 1463 1726 1505 sed
1756 1462 2016 1504 inordinata

477 1567 484 1574 .
521 1537 649 1574 extra
696 1547 775 1575 sue
823 1533 977 1588 regule
1024 1533 1325 1575 obedientiam
1374 1533 1622 1588 pernitiose
1670 1533 1933 1588 vagantium
1970 1532 2016 1574 in

398 1603 671 1659 vituperium
703 1604 789 1646 Dei
837 1607 880 1646 et
921 1608 1074 1645 sancte
1116 1604 1278 1646 matris
1321 1604 1504 1647 ecclesie
1545 1608 1587 1645 et
1618 1604 1664 1645 in
1697 1604 2016 1646 detrimentum

399 1675 651 1717 animorum
697 1677 956 1717 nostrorum
1000 1678 1041 1717 et
1083 1678 1347 1717 cunctorum
1387 1675 1587 1717 fidelium
1622 1675 1676 1716 ab
1711 1675 1919 1717 omnibus
1951 1675 2016 1716 la-

398 1745 597 1800 pidandi,
633 1779 640 1786 .
668 1780 675 1786 .
706 1780 713 1787 .
748 1750 791 1788 et
832 1760 886 1788 ne
929 1746 1070 1802 aliqui
1110 1747 1194 1789 sub
1227 1747 1379 1788 ovium
1412 1746 1528 1801 pelle
1561 1745 1679 1787 inter
1710 1759 1792 1788 nos
1825 1759 1872 1788 se
1910 1745 2016 1788 mis-

399 1820 529 1858 ceant
568 1817 664 1872 lupi
704 1831 913 1871 rapaces,
956 1820 1005 1859 ut
1048 1817 1254 1872 iugulent
1294 1817 1554 1859 innocentes
1589 1851 1596 1858 .
1635 1851 1642 1857 .
1683 1849 1691 1858 .
1737 1830 1819 1872 per
1859 1829 2016 1871 supra-

399 1886 521 1929 dicta
555 1921 562 1928 .
594 1921 600 1928 .
628 1922 635 1928 .
671 1888 775 1940 sint,
809 1889 954 1931 nostri
987 1888 1158 1931 ordinis
1193 1891 1536 1943 cognoscantur.

539 1981 628 2016 CRD
654 1984 719 2025 Ap.
737 1982 793 2016 97.
821 1982 878 2015 Or.
897 1982 980 2026 Pap.
1007 1982 1072 2015 mit
1097 1982 1178 2016 sehr
1204 1981 1318 2015 vielen
1344 1982 1515 2016 Lochern.

398 2149 496 2189 419.
530 2147 624 2189 Der
657 2148 1102 2201 Milloritengeneral
1128 2147 1395 2190 Alexander
1428 2148 1572 2190 bittet
1592 2148 1754 2203 Jayme
1775 2148 1842 2189 Π.
1874 2146 2019 2189 dafiir

399 2230 452 2260 zu
485 2229 668 2271 sorgen‚
702 2218 806 2260 dass
839 2219 938 2260 sein
970 2218 1155 2260 Bruder
1186 2218 1433 2260 Friedrich
1466 2218 1541 2260 die
1572 2218 1690 2259 nach
1717 2217 1910 2261 Sicilien
1942 2229 2017 2270 ge-

397 2288 609 2331 flohenen
650 2288 937 2342 Spiritualen
975 2300 1057 2331 aus
1094 2289 1290 2331 Tuscien
1327 2290 1460 2331 nicht
1497 2288 1759 2330 aufnehme.
1821 2289 2017 2331 Florenz

955 2359 1066 2401 1313
1099 2360 1352 2402 November
1386 2359 1453 2402 13.

538 2453 853 2496 Illustrissimo
894 2457 938 2495 et
974 2454 1180 2509 piissimo
1215 2488 1222 2495 .
1259 2489 1266 2495 .
1304 2488 1311 2495 .
1351 2454 1530 2496 domino
1572 2454 1745 2496 Jacobo
1779 2488 1787 2495 .
1824 2487 1831 2494 .
1868 2487 1875 2494 .
1921 2452 2019 2507 regi

455 2557 463 2565 .
508 2558 516 2565 .
559 2523 700 2565 frater
742 2523 1001 2566 Alexander
1057 2525 1228 2568 ordinis
1276 2525 1471 2567 fratrum
1516 2524 1741 2567 Minorum
1795 2523 2017 2579 generalis

398 2594 605 2636 minister
638 2598 681 2635 et
707 2608 863 2637 servus
886 2595 1070 2638 honoris
1095 2600 1138 2637 et
1161 2595 1307 2651 gratie
1329 2595 1478 2638 felicia
1499 2596 1788 2637 incrementa.
1844 2594 2017 2638 Sereni-

399 2667 538 2706 tatem
594 2668 788 2707 vestram
849 2666 979 2721 cupio
1037 2679 1127 2708 non
1179 2666 1335 2719 latere,
1392 2667 1525 2722 quod,
1579 2680 1679 2708 cum
1737 2665 2018 2721 temporibus

398 2735 499 2778 istis
544 2735 698 2791 plures
739 2736 885 2778 nostri
922 2736 1093 2779 ordinis
1134 2736 1302 2779 iratres
1352 2738 1405 2779 de
1450 2736 1683 2792 provincia
1730 2736 1886 2779 Tuscie
1933 2737 2016 2778 sub

399 2806 630 2861 religionis
664 2806 854 2859 nomine,
887 2807 1046 2849 habitu
1079 2811 1123 2849 et
1158 2808 1378 2860 convictu,
1411 2821 1501 2850 non
1523 2811 1643 2850 recte
1665 2807 1891 2863 sapientes
1924 2806 2017 2849 suis

399 2876 552 2933 pravis
586 2876 746 2919 studiis
779 2890 831 2918 ac
869 2878 1195 2933 multiplicibus
1236 2878 1462 2921 scandalis
1503 2877 1871 2934 perturbaverint
1902 2877 2019 2920 sicut

401 2948 642 3003 degeneres
675 2947 757 2988 filii
797 2951 989 2989 matrem
1031 2962 1173 3000 suam,
1219 2963 1305 3004 que
1346 2949 1470 3004 ipsos
1508 2949 1554 2990 in
1588 2947 1767 2990 Christo
1800 2951 2018 3003 genuerat

403 3021 446 3059 et
492 3017 688 3069 fovebat,
734 3017 988 3060 imitatores
1029 3018 1174 3061 effecti
1219 3019 1370 3074 angeli
1409 3018 1620 3071 Sathane,
1665 3018 1742 3074 qui
1780 3032 1826 3060 se
1870 3020 2018 3061 trans-
