2296 3512
955 244 1271 284 —605—

303 375 404 414 387.
436 372 669 426 Napoleon
701 371 858 414 Orsini
890 383 948 412 an
979 371 1141 426 Jayme
1172 372 1259 413 II.:
1293 372 1580 426 Weigerung
1616 371 1699 414 der
1730 371 1928 413 Pisaner

303 442 583 494 Gesandten‚
615 442 721 483 ihre
746 440 1048 483 Instruktion
1079 453 1134 482 zu
1167 442 1342 495 zeigen.
1404 442 1580 484 Darum
1613 441 1711 484 will
1742 453 1796 484 er
1826 441 1926 484 sich

302 525 381 555 um
403 513 508 554 ihre
530 510 779 554 Gesch'afte
800 511 933 553 nicht
955 511 1089 552 mehr
1110 511 1372 565 kiimmern,
1395 513 1471 554 rat
1493 513 1611 554 auch
1632 511 1735 555 dem
1755 511 1926 565 Konig‚

302 584 404 626 sich
446 583 535 624 mit
572 582 715 624 ihnen
757 581 890 624 nicht
933 581 1238 623 einzulassen.
1301 581 1378 625 Sie
1421 581 1605 625 konnen
1649 595 1739 624 nur
1780 582 1927 624 durch

302 655 407 696 eine
438 653 714 706 Niederlage
750 653 986 695 besonnen
1018 652 1235 706 gemacht
1266 652 1465 695 werden.
1527 654 1741 707 Avignon
1773 652 1927 708 (1323)

964 722 1164 765 October
1196 722 1267 764 27.

443 817 569 859 Licet
619 816 771 859 nuncii
821 817 1110 869 Pisanorum,
1165 816 1244 871 qui
1290 819 1395 858 sunt
1441 817 1486 857 in
1534 818 1678 870 curia,
1732 818 1944 860 dixerint·

302 888 433 931 nobis
482 891 526 929 et
573 888 720 929 adhuc
754 887 927 939 dicant,
967 887 1087 942 quod
1129 887 1298 928 habent
1328 886 1653 942 plenitudinem
1686 888 1927 943 potestatis

302 972 439 1015 super
485 958 758 1000 tractatibus
811 957 971 1000 fiendis
1024 957 1280 1010 vobiscum,
1338 970 1421 1000 nos
1480 960 1633 999 tamen
1690 959 1929 1013 diligenter

303 1030 615 1072 examinantes
657 1042 732 1071 eos
776 1028 1000 1071 voluimus
1048 1028 1202 1070 videre
1244 1027 1439 1070 formam
1483 1029 1689 1070 mandati
1725 1029 1928 1085 ipsorum

303 1102 347 1142 et
378 1100 711 1156 postulavimus
745 1100 800 1141 ab
836 1099 898 1142 eis
933 1099 1261 1154 transcriptum
1295 1132 1303 1139 .
1334 1132 1376 1139 ..
1410 1098 1758 1154 Responderunt
1784 1100 1928 1153 nobis,

302 1172 424 1227 quod
455 1184 536 1213 nec
568 1170 762 1213 somnam
795 1170 998 1215 mandati
1029 1169 1160 1212 nobis
1194 1170 1484 1212 ostenderent
1515 1183 1598 1212 nec
1630 1169 1764 1212 alicui
1798 1170 1930 1212 alteri

300 1256 384 1284 nec
423 1242 565 1284 eciam
607 1242 786 1297 copiam
819 1242 992 1283 darent.
1056 1239 1388 1296 Respondimus
1423 1242 1573 1283 autem
1608 1241 1684 1293 eis,
1732 1242 1852 1297 quod
1883 1241 1929 1283 in

301 1313 544 1356 servicium
577 1326 732 1355 eorum
765 1315 810 1354 et
833 1313 889 1354 ad
911 1312 1244 1368 precavendum
1266 1310 1470 1366 ipsorum
1498 1312 1626 1353 ruine
1650 1325 1806 1354 aurem
1829 1325 1929 1367 pre-

301 1383 483 1426 buimus
530 1383 681 1426 verbis
721 1383 815 1426 suis
849 1386 892 1425 et
924 1383 1270 1426 intendebamus
1302 1386 1503 1427 vestram
1536 1383 1930 1425 mansuetudinem

299 1454 520 1497 inclinare
567 1468 650 1510 pro
697 1454 871 1497 viribus
920 1455 978 1496 ad
1023 1468 1095 1507 ea,
1144 1468 1230 1510 que
1273 1457 1424 1497 essent
1455 1454 1659 1509 ipsorum
1692 1453 1855 1496 salutis
1889 1456 1932 1495 et

301 1525 444 1567 vestri
487 1525 698 1568 honoris:
742 1524 820 1567 Set
862 1539 915 1567 ex
957 1539 1045 1581 quo
1090 1525 1230 1568 verba
1268 1538 1412 1568 vacua
1454 1525 1626 1567 dabant
1662 1524 1807 1578 nobis,
1841 1537 1931 1566 non

300 1595 648 1639 intendebamus
680 1596 782 1652 plus
815 1609 897 1638 nos
931 1597 984 1638 de
1018 1596 1222 1652 ipsorum
1254 1596 1454 1651 negociis
1477 1596 1710 1651 impedire.
1762 1594 1931 1638 Suade-

300 1680 403 1710 mus
419 1670 569 1709 autem
590 1669 633 1709 et
652 1666 928 1711 consulimus
946 1667 1287 1723 magnificencie
1303 1667 1440 1722 regie,
1460 1667 1581 1722 quod
1602 1666 1801 1709 dimissis
1814 1665 1930 1718 istis,

301 1751 389 1794 que
431 1739 661 1794 quandam
692 1738 1005 1781 infirmitatem
1036 1738 1083 1780 in
1115 1738 1284 1781 occulis
1320 1738 1565 1781 stultorum
1597 1738 1930 1793 pretenderent,

303 1809 362 1851 ad
395 1822 459 1862 ea,
494 1823 580 1865 (1116
612 1812 718 1852 sunt
748 1809 992 1865 magnifica
1025 1809 1180 1852 taliter
1211 1809 1473 1862 intendatis,
1507 1809 1628 1864 quod
1658 1808 1748 1864 ipsi
1778 1808 1930 1864 potius

304 1880 635 1936 compellantur
673 1882 730 1923 ad
771 1893 850 1923 vos
886 1881 1098 1922 accedere
1132 1883 1174 1922 et
1206 1883 1510 1936 magestatem
1541 1882 1743 1922 vestram
1781 1878 1931 1934 requi-

302 1963 404 1992 rere
456 1952 510 1993 de
552 1964 663 2007 pace
710 1951 756 1993 in
800 1954 925 1993 terra
965 1953 1119 1994 vestra
1161 1953 1204 1993 et
1244 1951 1291 1993 in
1328 1953 1483 1994 vestra
1514 1950 1760 2006 presentia,
1794 1963 1931 2005 quam

303 2022 427 2076 quod
469 2021 541 2064 1116
574 2023 628 2065 de
659 2023 744 2064 hoc
776 2025 1068 2075 tractaretur,
1110 2022 1182 2064 vel
1215 2022 1278 2065 eis
1311 2022 1366 2064 de
1397 2022 1488 2065 ista
1519 2021 1713 2063 materia
1745 2021 1818 2063 hic
1851 2020 1931 2062 ali-

304 2091 414 2147 quid
467 2093 662 2148 amplius
712 2094 1056 2149 respondeatur.
1141 2093 1268 2135 Licet
1312 2093 1429 2135 6111111
1478 2092 1643 2145 omnia,
1687 2105 1773 2147 que
1804 2091 1931 2147 pacis

305 2165 424 2215 sunt,
451 2163 582 2206 nobis
628 2164 858 2220 placeant,
908 2167 1062 2206 tamen
1096 2164 1318 2216 videmus,
1367 2164 1488 2219 quod
1528 2176 1619 2219 pax
1651 2163 1931 2206 honorabihs

305 2247 405 2275 cum
440 2233 503 2276 eis
542 2235 721 2277 nonnisi
762 2249 863 2277 cum
905 2234 1099 2277 victoria
1136 2235 1307 2291 poterit
1337 2234 1542 2291 reperiri,
1585 2233 1779 2276 forsitan
1810 2234 1930 2277 iusto

303 2304 450 2346 iudice
482 2304 577 2346 Deo
618 2306 834 2348 reddente
877 2320 961 2361 pro
1007 2306 1182 2348 meritis
1228 2306 1461 2358 omnibus,
1504 2305 1622 2349 sicut
1663 2318 1746 2348 sua
1779 2305 1931 2360 provi-

306 2375 464 2417 dencia
505 2375 705 2431 disponit
747 2377 975 2420 iusticiam
1021 2390 1241 2421 exercere.
1324 2377 1428 2418 Dat.
1477 2375 1701 2418 Auinione
1742 2375 1928 2418 XXVII.

306 2446 377 2488 die
408 2446 633 2501 presentis
665 2447 833 2490 mensis
867 2448 1092 2491 Octobris.

447 2527 537 2563 CRD
563 2528 665 2562 4152.
709 2528 766 2564 Or.
784 2529 868 2572 Pap.
888 2529 963 2573 Ssp.
1010 2530 1082 2564 Der
1106 2529 1220 2574 Konig
1245 2531 1430 2563 antwortet
1455 2529 1528 2563 ihm
1554 2539 1610 2562 am
1635 2528 1692 2564 25.
1718 2527 1929 2569 November,

305 2597 344 2621 er
368 2587 483 2620 werde
508 2587 563 2620 die
591 2587 734 2621 Pisaner
759 2588 928 2622 zun'aehst
959 2588 1057 2622 nicht
1088 2588 1271 2622 beachten.
1321 2589 1366 2622 Et
1399 2599 1505 2632 super
1535 2587 1604 2622 illis
1636 2587 1700 2622 sub
1726 2587 1790 2621 alio
1817 2586 1930 2621 colore

301 2645 498 2680 ambaxiate
524 2646 702 2680 mittemus
727 2646 898 2683 nuntium.
950 2647 1047 2691 (Reg.
1074 2648 1140 2682 341
1170 2647 1196 2684 f.
1226 2648 1321 2692 171.)

307 2801 403 2842 388.
442 2800 709 2854 (Ferrarius
746 2799 803 2842 de
834 2800 1011 2854 Apilia)
1043 2813 1101 2842 an
1131 2802 1292 2857 Jayme
1323 2802 1411 2844 IL:
1457 2802 1640 2854 Betrug
1681 2800 1775 2842 und
1818 2798 1928 2843 Biss-

302 2870 560 2924 willigkeit
604 2871 687 2913 der
726 2870 923 2913 Pisaner
956 2869 1234 2914 Gesandten.
1295 2871 1485 2914 Amicus
1516 2872 1607 2922 rat,
1653 2870 1929 2913 niemanden

302 2954 360 2983 zu
398 2941 787 2994 Verhandlungen
825 2954 881 2983 zu
919 2941 1108 2995 senden,
1152 2943 1221 2984 sie
1264 2945 1451 2985 miissen
1494 2943 1613 2984 nach
1644 2942 1929 2985 Katalonien

301 3011 538 3054 kommen.
600 3012 723 3054 Nacll
755 3012 1023 3065 Besiegung
1054 3012 1138 3054 der
1172 3013 1367 3055 Pisaner
1409 3024 1536 3055 muss
1582 3013 1701 3055 nach
1732 3011 1929 3054 Ansicht
