2296 3512
929 185 1246 225 —599—

277 320 410 372 libus,
451 317 623 361 scilicet
667 316 720 357 de
762 314 916 356 Monte
957 309 1210 363 faveneiob)
1254 308 1409 351 volens
1446 307 1669 351 sustinere
1709 304 1899 346 verbum

278 391 398 446 regis
430 388 599 443 incepit
629 385 742 427 illud
776 383 887 425 velle
919 382 1095 437 legibus
1132 381 1362 423 adiuvare.
1425 379 1497 420 Ad
1530 377 1650 432 quod
1671 374 1758 418 fuit
1780 374 1900 416 dicto

280 458 501 504 cardinali
533 456 810 500 sufficienter
841 465 1112 508 responsum
1144 463 1227 505 per
1259 450 1429 492 dictum
1451 447 1691 503 Angelum,
1725 444 1802 500 qui
1834 446 1903 486 est

280 531 477 588 prudens
526 530 570 569 et
617 528 777 569 cautus
826 525 869 565 et
900 521 1206 577 iurisperitus,
1255 520 1409 562 taliter
1456 519 1575 574 quod
1621 516 1765 559 tacuit
1802 528 1902 557 cum

283 599 550 643 verecundia
597 600 640 639 et
679 597 858 637 rubore.
931 593 989 635 Et
1032 592 1080 634 in
1111 591 1197 632 hoc
1240 592 1407 645 puncto
1451 591 1542 631 stat
1582 586 1819 643 negocium
1861 586 1903 626 et

283 684 469 727 operam
512 670 590 711 dat
629 667 820 717 amicus,
870 664 989 719 quod
1029 663 1085 704 ab
1117 662 1203 703 hoc
1233 663 1400 715 puncto
1433 672 1523 701 non
1555 658 1793 700 recedatur
1823 668 1905 711 per

284 741 574 791 extrinsecos,
607 737 714 793 quia
747 734 983 778 intrinseci
1016 732 1208 774 ulterius
1241 743 1330 772 non
1364 730 1510 772 dicere
1543 729 1600 771 ad
1633 730 1791 771 sancta
1821 726 1907 767 Dei

284 810 537 867 evangelia,
592 811 836 861 antequam
892 805 945 847 de
1000 804 1151 845 Janua
1205 801 1484 851 recederent,
1536 798 1801 840 iuraverunt
1938 831 1946 837 .

284 881 549 935 Maliciasc),
584 878 865 929 dolositates,
900 874 1113 926 astucias,
1147 872 1346 924 fraudes,
1381 884 1465 925 que
1496 870 1543 911 in
1575 869 1706 911 dictis
1738 869 1908 910 tracta-

282 953 405 995 tibus
460 952 723 994 inseruntur
770 951 814 990 et
859 960 941 1003 per
996 943 1272 1000 principales
1319 942 1592 983 tractatores
1639 940 1908 989 tractantur,

284 1024 408 1079 regie
439 1020 686 1076 magestati
717 1031 906 1061 narrare
938 1030 1028 1059 non
1061 1014 1218 1057 dubito
1252 1026 1349 1056 esse
1381 1014 1526 1067 turpe.

427 1105 729 1160 Magestatem
750 1101 925 1156 regiam
951 1099 1119 1141 extimo
1141 1095 1453 1139 indubitanter
1475 1093 1708 1135 advertere
1717 1090 1753 1145 ἀ)
1774 1103 1912 1145 quare

286 1177 333 1219 in
376 1175 488 1218 meis
532 1174 698 1217 litteris
742 1185 906 1214 nomen
949 1183 1099 1212 meum
1138 1181 1229 1210 non
1267 1166 1484 1222 exprimo,
1547 1163 1646 1206 Hoc
1680 1164 1759 1213 est,
1808 1160 1915 1215 quia

287 1247 420 1290 hodie
469 1245 657 1300 quilibet
704 1246 1012 1299 quantumque
1059 1239 1207 1282 fidelis
1255 1238 1387 1280 debet
1433 1235 1593 1278 timere
1644 1233 1820 1275 rabiem
1872 1233 1916 1272 et

288 1317 575 1374 tyrannidem
606 1314 893 1372 presidentis.
957 1312 1122 1354 Ymmo
1156 1309 1335 1365 placeat
1375 1320 1457 1362 pro
1489 1305 1617 1361 regia
1659 1301 1917 1346 reverencia

288 1402 361 1432 me
392 1388 439 1430 in
470 1390 622 1430 vestro
657 1385 846 1428 consilio
877 1383 1138 1425 nullatenus
1172 1380 1419 1422 nominare.

431 1472 535 1513 Dat.
568 1469 794 1512 Auinione
827 1467 898 1509 die
931 1466 1094 1507 ultima
1126 1462 1295 1506 mensis
1331 1459 1624 1515 Septembris.

433 1564 522 1599 CRD
549 1563 652 1597 4125.
703 1563 761 1597 Or.
787 1561 871 1604 Pap.
899 1560 973 1603 Ssp.
1024 1551 1174 1592 ,4001100
1208 1555 1363 1590 schreibt
1393 1554 1482 1588 11001·
1514 1552 1684 1586 letzteren
1716 1549 1831 1583 Punkt
1864 1558 1919 1581 am

297 1624 429 1658 selbem
454 1624 543 1666 Tage
570 1621 745 1657 Christian
771 1618 924 1663 Spinula.
967 1620 1034 1652 Am
1062 1618 1116 1652 15.
1143 1614 1350 1660 September
1374 1614 1495 1647 hatten
1521 1612 1596 1646 sich
1622 1611 1674 1644 die
1691 1610 1836 1643 Pisaner
1853 1607 1920 1641 Ge-

293 1683 439 1718 sandten
464 1693 509 1716 311
534 1682 596 1715 der
620 1681 728 1716 Kurie
755 1690 799 1713 an
824 1677 989 1713 Nikolaus
1009 1676 1090 1711 Oria
1115 1675 1275 1720 gewandt
1299 1674 1363 1707 mit
1389 1673 1452 1706 der
1479 1672 1603 1715 Frage:
1630 1669 1665 1704 Si
1691 1668 1822 1702 ibidem
1848 1667 1922 1700 erat

295 1753 454 1788 persona,
488 1752 568 1776 011111
601 1751 668 1785 qua
693 1742 870 1783 tamquam
895 1737 1005 1780 regia)
1031 1736 1148 1779 posset
1173 1735 1215 1768 de
1240 1733 1344 1767 factis
1370 1731 1526 1767 Sardinie
1553 1728 1740 1764 convenin'.
1791 1725 1923 1769 Quibus

295 1802 577 1846 respondendum
603 1799 697 1841 duxi,
724 1798 816 1842 quod
841 1796 943 1831 aliam
968 1805 1154 1839 personam
1179 1793 1225 1827 ibi
1251 1791 1460 1833 nesciebam,
1491 1789 1556 1824 nisi
1583 1788 1761 1822 dominum
1786 1785 1923 1828 Neapo-

296 1861 433 1895 leonem
458 1858 679 1900 cardinalem,
706 1857 764 1901 qui
790 1857 826 1890 in
852 1855 1011 1889 omnibus
1037 1854 1206 1887 honorem
1232 1852 1368 1895 regium
1394 1850 1569 1884 desiderat
1594 1849 1830 1892 augmentare.
1880 1843 1925 1877 Et

297 1919 365 1954 hiis
390 1919 515 1953 auditis
547 1919 583 1952 in
608 1916 799 1952 continenti
825 1915 956 1949 dictum
983 1912 1193 1948 cardinalem
1228 1911 1270 1944 de
1302 1908 1467 1954 predictis
1493 1907 1625 1942 solicite
1657 1903 1853 1939 informavi.
1881 1922 1924 1927 -—

299 1978 390 2014 031)
416 1979 519 2013 4134.
570 1976 671 2011 Aucb
696 1973 850 2019 Angelus
887 1974 1026 2008 Tartaro
1065 1970 1219 2006 schreibt
1256 1980 1311 2003 am
1351 1968 1406 2003 10.
1433 1966 1585 2002 Oktober
1622 1976 1666 1999 an
1700 1964 1768 1998 den
1794 1961 1925 2005 Konig:

301 2037 347 2071 40
373 2037 460 2081 Tage
498 2037 619 2070 hatten
657 2035 712 2069 die
749 2032 929 2067 intrinseci
955 2032 1016 2065 aut
1054 2030 1129 2065 sich
1152 2031 1287 2063 warten
1321 2027 1444 2062 lassen.
1494 2026 1568 2060 Der
1590 2025 1697 2068 Papst
1722 2023 1818 2056 hatte
1843 2021 1927 2055 Ein-

301 2097 459 2140 wirkung
481 2096 541 2129 auf
559 2095 673 2139 Konig
689 2093 820 2127 Robert
844 2090 1045 2135 abgelehnt:
1072 2099 1243 2127 asserens,
1270 2087 1360 2131 quod
1387 2086 1478 2121 dom.
1506 2095 1624 2129 regem
1642 2083 1834 2117 Robertum
1859 2077 1927 2113 tale

302 2155 486 2199 negocium
510 2165 580 2188 000
604 2152 778 2197 tangebat.
828 2150 889 2185 Als
920 2150 1000 2194 jene
1026 2147 1166 2182 endlich
1193 2147 1410 2192 gekommen,
1443 2145 1564 2178 hatten
1590 2143 1639 2177 sie
1672 2142 1706 2175 in
1732 2141 1795 2174 der
1819 2139 1927 2173 Kom-

302 2214 446 2248 mission
472 2213 534 2247 der
559 2211 745 2246 Kardinale
782 2210 854 2244 und
879 2208 1027 2243 Roberts
1054 2201 1301 2250 'Ubertragung
1338 2205 1398 2239 des
1426 2203 1583 2248 regimen
1621 2201 1681 2235 auf
1706 2199 1836 2234 Robert
1868 2196 1929 2231 aui

306 2273 351 2307 10
375 2273 406 2307 J.
434 2272 517 2306 oder
548 2271 668 2315 langer
692 2269 860 2313 verlangt,
899 2268 1047 2302 anderes
1079 2268 1195 2310 spater
1226 2275 1332 2308 sagen
1357 2262 1492 2296 wollen.
1543 2261 1605 2296 Ost
1630 2271 1702 2294 war
1732 2259 1776 2294 K.
1802 2256 1932 2291 Robert

304 2333 369 2366 mit
393 2332 497 2375 jenen
522 2329 636 2365 allein.
687 2327 945 2373 Cognoseimus,
980 2326 1071 2371 quod
1096 2336 1167 2359 non
1192 2324 1323 2358 fuimus
1347 2323 1416 2356 huc
1443 2321 1555 2356 vocati
1586 2330 1647 2364 pro
1680 2329 1763 2363 pace
1789 2323 1844 2352 set
1867 2314 1933 2349 alia

306 2391 376 2424 fm‘t
419 2389 564 2424 occasio.
614 2388 716 2423 Seine
752 2386 869 2421 Partei
910 2386 971 2419 hat
1007 2385 1062 2419 die
1101 2382 1399 2425 Verhandlungen
1440 2380 1504 2414 mit
1541 2379 1785 2421 Zustimmung
1819 2376 1933 2420 Konig

307 2449 504 2484 Friedrichs
530 2458 596 2481 von
615 2445 757 2481 Sicilien
781 2445 1050 2487 iibernommen3
1078 2444 1281 2478 conservato
1304 2441 1380 2475 iure
1396 2439 1543 2474 Romani
1567 2437 1714 2481 imperii.
1758 2437 1809 2470 De
1835 2445 1932 2479 pros-

308 2507 511 2552 peritafibus
543 2505 671 2540 domini
703 2504 847 2538 infantis
879 2504 974 2538 curia
1012 2501 1115 2537 dolet.
1166 2501 1256 2537 031)
1289 2500 1393 2535 4141.
1444 2497 1521 2543 Vgl.
1549 2497 1637 2531 auch
1663 2497 1753 2530 4117
1781 2493 1932 2529 3111111011.

312 2676 410 2717 383.
449 2671 684 2726 Napoleon
716 2669 872 2712 Orsini
918 2682 975 2710 an
1018 2668 1076 2710 K.
1109 2669 1271 2723 ε1331100
1302 2667 1390 2708 IL:
1438 2661 1810 2718 Angelegenheit
1853 2659 1937 2702 der

312 2743 574 2788 Sevillaner
610 2741 801 2784 Kirche.
863 2739 1143 2792 Vorschlag‚
1187 2738 1274 2780 wie
1316 2736 1400 2779 der
1430 2734 1588 2788 Kiinig
1630 2735 1681 2775 in
1724 2730 1937 2775 scharfer

312 2816 467 2859 Weise
499 2814 587 2856 den
608 2813 838 2855 Pisanern
871 2810 1133 2852 antworten
1159 2808 1265 2861 soll,
1296 2818 1428 2849 wenn
1451 2818 1503 2848 er
1524 2817 1603 2847 um
1627 2801 1938 2853 Aussiihnung

315 2895 617 2940 angegangen
648 2882 780 2925 wird.
828 2879 989 2923 Grund
1021 2880 1086 2921 ist
1117 2878 1198 2921 das
1221 2876 1544 2932 prahlerische
1566 2874 1832 2918 Benehmen
1854 2871 1938 2912 der

457 2968 485 3010 0)
511 2964 698 2999 malicicias
725 2963 783 2997 Or.
883 2961 914 3004 d)
939 2962 1089 2995 avetere.
