2296 3512
1057 284 1376 324 —698—

405 412 533 455 rubei
571 412 699 467 longi
738 425 820 466 per
851 425 990 453 unum
1033 411 1233 465 palmum
1277 414 1320 453 et
1354 411 1547 466 amplius
1590 424 1671 465 per
1708 411 1875 465 digitos
1913 411 2025 452 duos

404 496 485 538 per
517 486 828 525 transversum
862 482 1069 523 deferant
1103 484 1206 523 ante
1237 485 1407 536 pectus.

547 554 614 595 De
647 556 832 607 statuto,
878 556 929 594 ut
970 552 1243 595 christianus
1276 567 1366 595 non
1399 552 1459 595 sit
1491 552 1620 595 testis
1655 555 1812 594 contra
1842 552 2026 603 Judeos,

406 624 601 667 sublato.

547 695 743 736 Pravam
788 694 1130 737 constitucionis
1160 728 1167 735 .
1201 728 1208 735 .
1243 729 1249 734 .
1285 693 1642 746 observanciam‚
1686 707 1776 748 qua
1808 691 2028 735 Christia-

405 778 567 807 norum
625 764 936 807 testimonium
997 765 1213 807 adversus
1270 765 1440 806 Judeos
1492 765 1538 806 in
1591 764 1861 819 quibusdam
1918 762 2028 806 locis

409 835 560 878 Sicilie
593 848 682 877 non
716 835 989 888 admittitur,
1024 835 1243 890 [multis?]
1279 835 1427 877 causis
1460 834 1560 876 tolli
1591 834 1799 876 volumus
1834 868 1841 875 .
1906 868 1913 875 .

547 906 608 949 Ut
662 906 814 949 nullus
860 904 1145 948 Christianus
1188 906 1354 947 habeat
1395 905 1756 947 familiaritatem
1798 904 2029 947 assiduam

408 991 506 1019 cum
536 977 693 1019 Judeis
726 976 797 1018 vel
830 990 931 1019 cum
965 977 1028 1019 eis
1062 976 1270 1018 comedat
1302 976 1374 1018 vel
1405 977 1452 1017 in
1486 989 1640 1018 eorum
1674 975 1878 1018 serviciis
1911 988 2028 1017 com-

406 1051 610 1090 moretur
644 1082 652 1089 .
679 1081 686 1089 .

548 1118 608 1160 Ut
640 1118 791 1161 nullus
823 1118 995 1160 Judeus
1028 1118 1194 1160 habeat
1227 1117 1427 1158 officium
1458 1116 1690 1172 publicum
1725 1151 1733 1157 .
1759 1151 1766 1157 .
1797 1151 1804 1158 .

549 1190 609 1232 Ut
655 1189 807 1231 nullus
853 1189 1025 1231 Judeus
1075 1189 1239 1230 audeat
1290 1187 1498 1229 medendi
1547 1190 1689 1229 artem
1738 1200 1944 1229 exercere
1986 1187 2030 1229 in

409 1258 669 1303 Christiano
702 1260 774 1302 vel
807 1259 1077 1302 medicinam
1113 1258 1201 1301 sibi
1232 1259 1340 1300 dare
1372 1257 1443 1299 vel
1477 1257 1748 1311 confice1·e.3)

550 1332 602 1373 In
643 1330 730 1373 hiis
764 1330 988 1372 confidere
1020 1342 1109 1371 non
1149 1342 1408 1385 possumus,
1455 1328 1531 1383 qui
1563 1327 1698 1370 fidem
1730 1341 1819 1369 11011
1851 1328 2032 1379 habent,

408 1415 490 1443 nec
536 1401 636 1444 aliis
680 1404 896 1457 poterunt
928 1414 1024 1443 esse
1056 1400 1227 1453 fideles,
1261 1399 1339 1455 qui
1372 1413 1526 1441 eorum
1561 1399 1792 1441 dominum
1824 1399 2034 1454 prodide-

409 1475 527 1515 runt.
606 1472 865 1528 Eapropter
908 1471 1212 1527 providimus,
1260 1504 1267 1511 .
1303 1505 1310 1512 .
1350 1504 1357 1511 .
1400 1473 1451 1512 ut
1494 1469 1645 1512 nullus
1677 1469 1925 1512 Judeorum

409 1543 616 1585 medendi
651 1546 793 1584 artem
830 1542 893 1596 [in
918 1541 1212 1596 Christian]is
1246 1541 1412 1582 audeat
1445 1554 1652 1583 exercere
1685 1540 1756 1582 vel
1787 1540 2034 1583 medicinas

409 1627 492 1670 pro
512 1613 784 1657 Christianis
804 1612 1020 1654 conficere
1045 1616 1148 1654 aut.
1170 1646 1177 1653 .
1200 1612 1417 1654 ‚vendere
1435 1611 1506 1653 vel
1529 1611 1670 1653 eciam
1693 1611 1954 1653 ministrare
1973 1645 1980 1651 .
2000 1645 2006 1652 .
2025 1644 2032 1651 .

409 1684 627 1739 ιῙ11(101154)
652 1684 750 1740 ipse
771 1697 853 1739 per
874 1696 1040 1725 annum
1063 1696 1202 1724 unum
1226 1683 1440 1736 carceric)
1465 1682 1721 1724 detineatur
1742 1682 1942 1724 inclusus
1968 1716 1975 1722 .
1997 1716 2004 1722 .
2026 1716 2033 1723 .

411 1754 698 1798 Christianus
745 1789 752 1796 .
796 1789 803 1795 .
842 1789 848 1795 .
894 1768 976 1809 per
1018 1757 1111 1796 tres
1156 1767 1333 1796 menses
1380 1753 1635 1795 detineatur
1676 1787 1683 1794 .
1718 1787 1724 1794 .
1757 1787 1764 1794 .
1806 1755 1849 1795 et
1889 1755 2035 1794 totum

411 1826 569 1870 salarii
603 1861 609 1867 .
637 1860 644 1867 .
672 1860 678 1866 .
714 1826 769 1867 ad
805 1825 929 1867 curie
961 1838 1123 1867 manus
1155 1824 1388 1880 perveniet
1423 1858 1430 1865 .
1458 1859 1464 1865 .
1491 1858 1498 1865 .

552 1896 681 1949 Quod
717 1896 869 1939 nullus
903 1895 1115 1937 ancillam
1150 1908 1279 1937 suam
1311 1895 1561 1951 prostituat
1596 1929 1603 1936 .
1631 1929 1638 1935 .
1665 1929 1672 1935 .

556 2002 563 2009 .
590 2002 597 2009 .
625 2002 632 2009 .
656 1969 811 2023 Ipsam
840 1967 1028 2009 liberam
1053 1980 1152 2009 esse
1178 1967 1384 2009 iubemus
1418 1968 1462 2008 et
1489 1979 1515 2008 a
1543 1965 1651 2008 dicti
1678 1968 1865 2021 questus
1892 1964 2037 2020 turpi-

411 2038 568 2081 tudine
600 2038 818 2080 revocari.

553 2109 613 2151 Ut
645 2109 765 2151 servi
798 2108 932 2151 Greci
959 2109 1013 2151 de
1045 2108 1282 2160 Romania,
1325 2110 1570 2163 postquam
1603 2109 1818 2163 ceperunt
1858 2107 2037 2149 credere

414 2180 630 2223 articulos
670 2180 788 2231 fidei,
835 2183 885 2222 ut
929 2194 963 2223 5.
997 2180 1203 2222 Romana
1237 2178 1425 2221 ecclesia
1457 2181 1593 2230 tenet,
1633 2178 1672 2221 si
1705 2180 1868 2220 extunc
1899 2177 2038 2220 servi-

413 2251 560 2293 verint
591 2265 673 2307 per
705 2254 878 2307 septem
911 2263 1067 2302 annos,
1102 2250 1193 2293 sint
1224 2249 1357 2292 liberi
1390 2283 1398 2290 .
1429 2283 1436 2290 .

555 2335 621 2375 De
652 2347 742 2375 non
775 2334 1008 2375 vendendo
1042 2346 1173 2375 servo
1207 2332 1349 2375 Grece
1381 2345 1574 2387 persone
1607 2332 1815 2386 suspecte
1842 2330 1914 2373 vel
1947 2329 2037 2382 alii,

415 2404 453 2447 si
483 2404 602 2447 forte
634 2418 791 2447 servus
822 2407 1012 2460 propter
1043 2403 1346 2455 devocionem,
1383 2415 1519 2458 quam
1551 2402 1718 2444 habeat
1751 2402 1808 2443 ad
1840 2400 2037 2456 priorem

414 2475 659 2527 dominum,
698 2489 785 2518 non
820 2474 1159 2528 consenserit.5)

556 2545 686 2598 Quod
730 2545 881 2588 nullus
927 2546 1092 2587 audeat
1132 2545 1350 2586 mandare
1383 2544 1526 2586 servis
1559 2543 1654 2586 suis
1689 2542 1874 2598 aliquid,
1919 2541 2040 2597 quod

415 2616 476 2659 sit
506 2616 552 2659 in
586 2615 756 2658 Christi
793 2616 1089 2672 opprobrium
1125 2650 1132 2656 .
1159 2650 1166 2656 .
1194 2650 1200 2656 .

557 2699 585 2741 c)
611 2698 655 2732 So
682 2697 740 2733 Or.

558 2803 585 2848 3)
610 2805 652 2838 In
683 2805 746 2838 der
769 2806 970 2848 Anregung,
1003 2804 1057 2837 die
1084 2802 1215 2837 Arnald
1247 2802 1369 2837 hierzu
1393 2801 1470 2846 gab,
1497 2802 1623 2836 driickt
1652 2801 1727 2836 sich
1752 2801 1806 2834 die
1834 2799 2041 2844 Abneigung

415 2863 477 2898 des
503 2862 730 2897 chlistlichen
755 2873 864 2907 gegen
890 2863 957 2896 den
982 2862 1168 2906 jiidischen
1194 2863 1280 2896 Arzt
1304 2872 1377 2896 aus.

558 2933 586 2977 4)
611 2932 730 2966 Wenn
755 2943 794 2967 er
818 2933 972 2977 dagegen
997 2932 1150 2966 handelt.

559 3004 586 3047 ⁵)
612 3003 748 3037 Grund:
800 3003 1038 3038 Coniecturari
1063 3003 1172 3047 possit
1195 3004 1314 3046 aperte
1346 3002 1460 3046 ipsum
1491 3000 1630 3035 nonnisi
1656 3000 1699 3034 ad
1724 3003 1826 3044 turpe
1853 2998 2039 3033 servicium

416 3063 490 3097 sive
517 3064 679 3107 questum
704 3061 794 3096 velle
820 3062 982 3097 vendere.
