2296 3512
1020 238 1338 279 -606—

372 369 451 411 (les
468 369 658 412 Amicus
680 368 797 410 Elba
829 367 1018 409 erobert
1048 366 1248 409 werden.
1310 365 1605 408 Hoffentlich
1627 366 1710 408 hat
1732 366 1815 407 (161·
1834 364 1993 418 Konig

372 441 507 482 einen
528 438 757 491 Admiral,
784 438 867 480 der
894 438 944 479 in
970 438 1089 479 etwa
1108 437 1267 490 Roger
1287 436 1344 478 (16
1364 436 1506 479 Loria
1532 435 1724 488 gleicht.
1779 437 1993 489 Avignon

885 508 982 561 (um
1016 507 1128 550 1323
1162 507 1361 550 October
1392 507 1484 560 27).

515 602 650 645 Sacre
672 602 795 657 regie
812 601 1069 657 magestati.
1104 600 1474 657 Responsionem,
1494 613 1630 655 quam
1649 600 1820 642 amicus
1834 599 1994 642 habuit

374 675 429 716 ab
464 673 853 716 ambaxiatoribus
884 673 1167 725 Pisanorum,
1199 685 1281 728 per
1314 684 1419 714 suas
1445 671 1602 714 literas
1626 671 1845 727 speciales
1870 669 1994 725 regie

371 744 617 800 magestati
663 743 902 799 significat.
980 744 1038 785 Et
1089 743 1200 784 bene
1248 741 1482 797 cognoscit
1527 741 1711 784 fraudes
1759 754 1913 783 eorum
1951 742 1995 781 et

372 815 592 867 malicias,
635 814 799 870 quibus
846 827 1025 869 semper
1071 815 1261 855 utuntur
1309 815 1352 854 et
1398 812 1469 854 usi
1516 814 1633 853 sunt.
1711 812 1770 854 Et
1801 813 1879 854 dat
1910 823 1994 866 pro

374 885 575 937 consilio,
609 885 729 940 quod
760 884 954 926 viriliter
987 887 1030 926 et
1062 897 1163 925 cum
1195 884 1313 925 bono
1348 882 1535 925 consilio
1562 882 1609 923 in
1630 881 1768 937 regiis
1795 881 1994 937 negociis

372 956 630 1013 procedatis
673 958 716 997 et
756 968 859 1007 non,
903 955 1019 997 sicut
1059 955 1278 996 hactenus
1322 966 1585 1009 processum
1629 955 1708 995 est.
1785 953 1902 993 Nam
1944 954 1996 993 ut

372 1027 543 1083 pluries
576 1026 739 1082 scripsi
770 1026 816 1068 in
848 1025 1064 1081 predictis
1087 1024 1301 1080 negociis,
1324 1027 1374 1066 ut
1397 1024 1541 1066 amico
1564 1023 1817 1075 videbatur,
1839 1035 1996 1078 proce-

374 1098 570 1139 dendum
618 1101 715 1139 erat
761 1111 842 1152 per
890 1096 1028 1138 alium
1075 1096 1279 1148 modum,
1329 1095 1406 1150 qui
1452 1108 1541 1137 non
1587 1093 1749 1136 fuisset
1796 1107 1896 1135 cum
1927 1094 1997 1134 tot

375 1168 597 1224 dampnis,
630 1167 843 1223 periculis
878 1170 920 1209 et
962 1166 1183 1222 expensis.
1258 1166 1316 1207 Et
1347 1165 1440 1207 iam
1471 1165 1701 1208 venissent
1734 1164 1791 1206 ad
1822 1162 1995 1219 regiam

377 1239 654 1281 voluntatem
697 1273 704 1280 .
736 1272 777 1279 ..
822 1236 1028 1281 Consulit
1073 1237 1263 1289 amicus,
1305 1240 1357 1278 ut
1399 1236 1574 1278 nullum
1616 1237 1673 1277 ad
1707 1235 1996 1277 tractandum

374 1309 584 1362 mittatis,
617 1310 724 1365 quia
755 1322 838 1364 pro
873 1311 995 1351 certo
1027 1308 1116 1364 ipsi
1147 1307 1381 1363 requirent
1411 1309 1613 1349 vestram
1645 1306 1820 1361 regiam
1844 1318 1997 1360 mage-

375 1383 540 1423 statem
581 1380 627 1422 in
672 1379 954 1422 Cathalonia.
1029 1378 1147 1431 Quia
1193 1378 1305 1420 bene
1352 1380 1670 1420 concesserunt
1712 1376 1855 1418 amico
1889 1375 1999 1418 dicti

374 1451 527 1493 nuncii
552 1451 834 1502 Pisanorum,
859 1451 992 1505 quod,
1026 1449 1240 1505 quicquid
1265 1449 1434 1491 habent
1454 1448 1501 1490 in
1525 1447 1750 1501 Sardinia,
1783 1448 1998 1502 reputant

375 1522 616 1577 perditum,
663 1524 848 1577 excepto
894 1523 1045 1563 castro
1089 1518 1252 1573 Caleri,
1296 1519 1432 1561 vellet
1473 1519 1658 1571 amicus,
1702 1519 1835 1573 quod,
1873 1519 1998 1573 post-

377 1606 512 1649 quam
560 1593 687 1648 galee
732 1592 1003 1635 Pisanorum
1052 1594 1202 1634 essent
1249 1592 1506 1634 desarmate
1555 1594 1599 1632 et
1644 1589 1767 1631 Villa
1814 1587 1998 1630 ecclesie

377 1666 495 1706 esset
526 1663 697 1715 habita,
735 1663 915 1705 mittere
948 1662 1181 1705 ordinaret
1212 1662 1339 1717 regia
1369 1663 1600 1716 magestas
1634 1660 1811 1715 aliquas
1844 1658 1998 1713 galeas

379 1738 419 1776 et
447 1748 585 1777 naves
615 1737 817 1776 armatas
845 1734 902 1775 ad
930 1736 1113 1788 portum
1136 1732 1246 1774 Elbe
1271 1736 1313 1774 et
1337 1734 1610 1787 occuparent
1632 1731 1780 1786 ipsam
1801 1728 1999 1772 insulam

376 1805 531 1859 Elbefl)
573 1808 615 1846 et
649 1805 762 1847 alias
796 1804 1166 1847 circumiacentes
1203 1838 1210 1844 .
1238 1837 1245 1844 .
1273 1837 1280 1844 .
1313 1803 1443 1844 Dixit
1475 1803 1611 1844 etiam
1645 1801 1830 1853 amicus,
1864 1799 1998 1855 quod,

378 1876 417 1919 si
462 1876 588 1931 regia
632 1880 862 1930 magestas
909 1879 1060 1930 potest
1107 1874 1330 1917 sustinere
1373 1886 1612 1929 expensas,
1660 1874 1886 1913 tractatus
1919 1869 1999 1911 ali—

379 1947 536 2002 quosb)
582 1959 671 1988 non
711 1946 822 1988 facit
852 1959 936 2001 pro
970 1945 1112 1998 vobis,
1147 1945 1254 2001 (11116
1285 1944 1596 1987 indubitanter
1623 1943 1778 1994 credit,
1803 1941 1924 1997 qnod
1947 1941 2000 1982 de

379 2030 466 2058 uno
507 2017 690 2058 denario
728 2016 904 2059 facietis
937 2020 1043 2069 tres,
1088 2020 1131 2058 et
1163 2016 1289 2058 brevi
1322 2020 1524 2070 tempore
1556 2017 1710 2069 posset
1742 2012 1902 2055 haberi
1932 2011 1998 2052 in-

379 2092 566 2140 tentum,
606 2089 847 2130 dummodo
886 2101 967 2143 per
1006 2088 1127 2129 viam
1168 2087 1420 2142 predictam
1460 2086 1753 2141 procedatur3
1804 2087 1847 2126 et
1881 2083 2001 2138 quod

381 2159 645 2210 admiratus,
689 2159 942 2213 quicunque
976 2158 1047 2207 sit,
1090 2158 1135 2199 in
1169 2157 1320 2212 aliquo
1356 2155 1687 2198 assimilaretur
1718 2154 1913 2210 Rogerio
1948 2155 2000 2196 de

379 2229 528 2281 Loria,
578 2229 683 2284 quia
709 2230 945 2285 negocium
978 2229 1174 2284 regium,
1209 2230 1428 2283 quantum
1461 2240 1557 2268 rem
1591 2230 1634 2268 et
1665 2226 1836 2268 famam
1869 2227 1912 2267 et
1944 2225 2002 2266 ad

379 2300 513 2341 finem
548 2303 752 2355 optatum
786 2300 1041 2342 habendum
1075 2299 1222 2353 magis
1253 2302 1345 2341 stat
1382 2298 1429 2339 in
1460 2297 1577 2339 mari
1615 2311 1750 2352 quam
1784 2296 1830 2338 in
1862 2299 1998 2337 terra.

380 2370 517 2425 Regie
550 2370 700 2425 gracie
733 2384 802 2412 me
838 2371 1066 2412 comendo.
1129 2371 1233 2411 Dat.
1262 2368 1539 2421 Auin10ne0).

523 2451 611 2486 CRD
641 2452 706 2485 ῖ46
733 2462 758 2485 s.
785 2452 810 2487 f.
852 2452 925 2486 Der
950 2451 1106 2486 Hinweis
1131 2451 1192 2485 auf
1219 2451 1273 2485 die
1300 2450 1390 2484 noch
1416 2451 1512 2485 nicht
1531 2449 1678 2494 erfolgte
1704 2448 1907 2492 Eroberung
1931 2458 2000 2481 von

380 2509 472 2544 Villa
497 2510 531 2543 di
558 2510 682 2545 Chiesa
706 2510 805 2544 weist
828 2511 888 2544 auf
914 2511 969 2544 (116
996 2510 1069 2544 Ζ611
1094 2521 1157 2543 vor
1186 2509 1275 2544 1324
1300 2510 1327 2543 F
1330 2509 1454 2543 ebruar
1481 2511 1512 2552 7,
1540 2510 1602 2543 der
1627 2511 1718 2542 61516
1744 2507 1822 2542 Satz
1849 2507 1910 2541 aui
1934 2507 2001 2540 den

381 2569 690 2613 vorhergehenden
714 2568 812 2602 Brief
837 2569 1016 2613 Xapoleon
1042 2569 1175 2603 Ursinis
1199 2569 1270 2602 hin.

383 2690 479 2730 389.
514 2688 781 2741 (Ferrarius
815 2688 869 2729 (16
903 2688 1060 2741 Apilia
1093 2701 1150 2729 611
1181 2688 1343 2743 Jayme
1375 2688 1462 2729 IL:
1516 2687 1667 2740 Klage
1703 2687 1820 2727 iiber
1873 2697 2000 2725 111611-

384 2758 550 2811 gelnde
561 2757 876 2800 [lifoi-mation
888 2758 967 2799 (165
983 2759 1185 2811 Amicus,
1204 2758 1291 2800 (1611
1310 2757 1428 2799 (10611
1441 2757 1536 2799 fast
1559 2757 1651 2798 alle
1672 2754 2001 2798 italienischen

382 2829 568 2871 Herren
622 2841 702 2870 um
756 2829 847 2869 Rat
901 2827 1080 2880 fragen.
1161 2827 1458 2881 Erorterung
1513 2829 1644 2869 einer
1697 2824 2004 2877 Verbindung

385 2898 674 2942 Casti-uccios
706 2899 794 2941 mit
825 2899 986 2953 ἱ’1611116
1016 2899 1099 2951 IL,
1142 2899 1254 2940 Pisa
1296 2899 1450 2941 werde
1493 2910 1582 2941 von
1613 2897 1712 2938 ihm
1743 2896 1793 2937 in
1825 2893 2004 2938 Schach

454 3015 505 3043 385
525 3022 554 3059 a)
580 3015 672 3049 Lebe
699 3015 756 3049 Or.
824 3015 854 3058 b)
880 3013 1002 3059 aliquis
1029 3014 1085 3051 Or.
1153 3016 1181 3059 C)
1207 3015 1382 3049 Weiteres
1407 3013 1507 3048 fehlt.
