2296 3512
984 299 1038 303 —
1103 275 1185 315 892
1251 299 1303 302 --

333 402 535 444 Amalds
566 402 660 444 und
686 403 989 456 Vorweisung
1027 403 1182 444 seiner
1212 403 1575 457 Propositionen
1606 403 1701 445 und
1732 404 1863 446 Bitte
1895 416 1953 445 an

333 473 421 515 den
444 473 601 527 Papst‚
629 486 707 515 um
740 474 867 515 seine
893 473 1020 515 Rede
1042 485 1097 514 zu
1119 474 1384 524 schreiben3
1418 484 1500 515 aus
1523 473 1607 515 der
1628 485 1715 516 von
1742 472 1953 516 Clemens

332 543 646 586 fibersandten
678 543 804 585 Rede
836 543 1014 585 ersieht
1044 544 1220 598 Jayme,
1262 543 1366 586 dass
1399 543 1576 586 Arnald
1618 544 1815 597 gelegen
1856 545 1953 586 hat.

332 614 427 656 Der
472 613 631 667 Konig
676 614 867 667 leugnet
912 614 1227 667 entschieden‚
1279 614 1457 657 Arnald
1509 614 1584 656 die
1635 614 1953 657 betreffenden

333 684 510 726 Sachen
552 684 734 726 erz'ahlt
778 697 833 726 zu
873 685 1023 726 haben
1065 684 1159 726 und
1202 685 1361 738 bittet,
1406 684 1556 726 dieses
1596 683 1849 728 Schreiben
1889 685 1956 726 im

412 755 764 798 Konsistorium
796 755 1104 797 mitzuteilen.
1167 755 1425 797 Bareelona
1459 755 1572 797 1310
1604 755 1802 798 October
1835 755 1874 798 1.

473 847 769 892 Sanctissimo
803 862 856 890 ac
877 849 1243 892 reverentissimo
1270 849 1315 890 in
1340 847 1521 891 Christo
1544 849 1667 904 patri
1689 853 1733 891 et
1755 850 1952 902 domino,

333 920 514 961 domino
557 917 778 961 Clementi
819 919 972 961 divina
1011 919 1305 976 providencia
1347 923 1635 962 sacrosancte
1667 920 1868 962 Romane
1912 923 1956 962 et

331 989 601 1033 universalis
645 989 829 1033 ecclesie
870 1003 1046 1033 summo
1087 990 1291 1046 pontifici
1321 990 1520 1032 Jacobus
1553 989 1637 1031 Dei
1676 990 1831 1045 gracia
1876 1004 1956 1032 rex

330 1061 611 1116 Aragonum,
646 1060 872 1113 Valencie,
907 1060 1114 1103 Sardinie
1138 1064 1182 1102 et
1205 1059 1386 1103 Corsice
1411 1073 1649 1116 comesque
1670 1060 1955 1103 Barchinone

333 1144 385 1173 ac
424 1131 677 1187 prescripte
721 1134 875 1174 sancte
909 1132 1109 1174 Romane
1156 1130 1341 1173 ecclesie
1373 1131 1651 1181 vexillarius,
1686 1131 1955 1174 ammiratus

333 1205 375 1244 et
409 1202 673 1257 capitaneus
715 1202 940 1257 generalis
984 1202 1078 1245 eius
1116 1202 1237 1245 filius
1276 1201 1459 1243 humilis
1493 1205 1537 1243 et
1569 1203 1758 1244 devotus
1790 1202 1956 1257 pedum

332 1273 487 1316 oscula
519 1274 757 1316 beatorum
790 1287 890 1315 011111
924 1274 1076 1315 debita
1104 1273 1364 1315 reverencia
1398 1277 1440 1315 et
1474 1273 1648 1314 devota.
1714 1272 1957 1315 Sanctitati

331 1348 480 1386 vestre
520 1357 601 1399 per
639 1348 872 1399 presentes
907 1343 1165 1397 deferimus,
1201 1345 1319 1399 quod
1354 1343 1462 1385 011111
1495 1343 1792 1386 existentibus
1825 1343 1956 1386 nobis

330 1414 376 1455 in
416 1415 648 1457 obsidione
689 1414 886 1457 civitatis
918 1414 1123 1456 Almarie
1162 1414 1467 1470 significatum
1506 1414 1637 1457 nobis
1670 1414 1756 1456 fuit
1783 1415 1836 1456 de
1869 1414 1955 1456 Ro-

330 1498 465 1526 mana
500 1485 626 1527 curia
657 1499 738 1540 per
772 1485 948 1541 aliquos
982 1486 1152 1528 amicos
1185 1489 1382 1537 nostros,
1407 1486 1527 1541 quod
1548 1485 1768 1541 magister
1789 1484 1956 1527 Arnai-

333 1557 414 1597 dus
454 1557 507 1597 de
540 1556 781 1598 Villanova
820 1556 866 1597 111
900 1557 1097 1611 quadam
1130 1556 1460 1612 proposicione,
1494 1570 1631 1612 quam
1662 1555 1770 1598 fecit
1803 1569 1956 1598 coram

332 1627 573 1669 sanctitate
605 1631 759 1669 vestra
791 1627 837 1668 in
871 1627 1141 1670 consistorio
1174 1627 1369 1683 privato,
1410 1627 1564 1683 aliqua
1598 1629 1734 1670 verba
1766 1627 1881 1669 dixit
1913 1630 1957 1668 et

331 1697 522 1753 protulit
563 1710 645 1739 nos
689 1702 732 1739 et
770 1698 995 1740 illustrem
1033 1712 1186 1754 regem
1219 1699 1507 1740 Fredericuni
1539 1699 1832 1741 karissimum
1864 1698 1955 1740 fra-

331 1771 446 1809 trem
487 1772 693 1811 nostrum
736 1768 925 1811 nimium
966 1769 1221 1824 tangencia,
1264 1769 1475 1812 videlicet
1516 1770 1636 1825 quod
1676 1782 1759 1812 nos
1804 1772 1847 1811 et
1878 1767 1955 1810 1110

332 1839 716 1891 dubitaveramus,
748 1842 902 1882 utrum
937 1840 1128 1882 tradicio
1163 1840 1425 1896 evangelica
1457 1842 1575 1883 esset
1608 1840 1663 1881 ab
1693 1839 1955 1881 invencione

332 1910 564 1952 hominum
598 1910 668 1952 vel
701 1910 918 1953 divinitus
950 1911 1187 1967 inspirata.
1236 1912 1329 1953 Nos
1363 1914 1526 1963 autem,
1551 1911 1627 1966 qui
1644 1924 1876 1966 nunquam
1903 1910 1956 1951 de

331 1982 415 2024 hoc
457 1981 756 2037 cogitavimus
800 1996 880 2024 nec
921 1996 1121 2037 unquam
1164 1983 1352 2024 verbum
1385 1995 1521 2037 super
1554 1994 1603 2023 eo
1637 1981 1852 2023 scivimus
1885 1980 1957 2022 vel

332 2052 527 2093 diximus
573 2066 673 2094 cum
708 2066 758 2094 eo
792 2052 861 2094 vel
896 2052 985 2095 3110
1018 2053 1351 2108 quoquomodo,
1384 2066 1473 2095 non
1505 2052 1698 2094 multum
1732 2053 1785 2094 de
1817 2051 1956 2107 signi-

331 2122 545 2165 ficacione
586 2123 719 2165 huius
774 2124 839 2165 rei
879 2123 1160 2166 curavimus:
1210 2126 1425 2165 Attamen
1459 2126 1771 2178 expectantes,
1821 2122 1953 2178 quod,

333 2194 618 2249 quamprimo
653 2194 799 2236 dictus
832 2195 1054 2249 magister
1085 2198 1290 2237 nostram
1325 2194 1472 2236 adiret
1499 2193 1795 2249 presenciam,
1820 2192 1956 2235 scire-

331 2277 431 2307 mus
481 2265 534 2306 ab
585 2278 649 2316 eo,
701 2265 807 2320 quid
855 2265 1059 2320 predicta
1107 2264 1315 2307 veritatis
1362 2264 1640 2320 significacio
1691 2263 1952 2306 contineret.

333 2332 534 2390 Contigit
577 2338 727 2377 autem
768 2335 899 2378 nobis
941 2335 1087 2377 adhuc
1128 2335 1173 2376 111
1213 2336 1369 2377 03(10111
1402 2335 1635 2378 obsidione
1666 2334 1955 2376 manentibus

333 2405 451 2447 dicto
493 2406 715 2460 magistro
748 2406 952 2448 Arnaldo
984 2406 1097 2447 inibi
1130 2406 1394 2448 adveniente
1429 2407 1485 2448 ad
1516 2419 1598 2449 nos
1633 2405 1835 2461 exposita
1869 2404 1955 2447 sibi

333 2489 357 2517 a
376 2476 506 2518 nobis
528 2477 842 2531 redarguendo
861 2476 1197 2531 significacione
1219 2477 1478 2519 huiusmodi
1501 2476 1746 2532 requisitus
1766 2489 1792 2518 a
1809 2475 1954 2527 nobis,

333 2559 431 2588 eam
470 2546 629 2589 fecisse
676 2547 745 2588 vel
779 2547 960 2599 dixisse,
1002 2548 1184 2589 omnino
1217 2548 1414 2603 negavit.
1477 2547 1688 2590 Asseruit
1722 2551 1875 2589 tamen
1907 2559 1954 2588 se

331 2617 490 2659 fecisse
528 2617 575 2659 in
615 2617 798 2673 scriptis
833 2618 1060 2673 quandam
1093 2618 1457 2674 proposicionem
1490 2632 1641 2661 coram
1675 2617 1954 2660 beatitudine

334 2692 485 2731 vestra
517 2689 562 2730 in
597 2689 880 2741 consistorio,
915 2702 1050 2744 quam
1085 2689 1199 2731 dixit
1231 2702 1381 2732 secum
1413 2689 1460 2731 in
1493 2689 1676 2745 scriptis
1702 2688 1883 2741 habere,
1912 2691 1954 2729 et

333 2772 469 2814 quam
504 2760 556 2801 de
591 2761 727 2801 verbo
762 2761 819 2801 ad
841 2760 1028 2801 verbum
1051 2761 1239 2802 mutatis
1262 2774 1344 2815 per
1370 2773 1471 2802 eum
1495 2760 1776 2803 solummodo
1805 2758 1954 2801 verbis

332 2830 506 2873 Latinis
539 2830 583 2872 in
618 2830 773 2886 lingua
806 2831 1009 2873 Romana
1048 2844 1263 2873 concessa
1296 2830 1382 2874 sibi
1414 2844 1495 2886 per
1526 2843 1608 2872 nos
1642 2829 1876 2872 audiencia
1908 2828 1954 2870 in

333 2901 566 2943 obsidione
598 2901 803 2956 predicta
837 2914 989 2944 corani
1021 2901 1151 2944 nobis
1185 2907 1229 2943 et
1250 2901 1457 2957 pluribus
1482 2901 1583 2944 aliis
1606 2900 1784 2956 publice
1805 2899 1953 2955 publi-

334 2971 465 3013 cavit.
528 2972 613 3013 Per
660 2971 755 3015 01115
798 2971 1127 3014 continenciam
1175 2975 1219 3013 et
1262 2986 1343 3027 per
1387 2975 1590 3013 tenorem
1621 2969 1953 3026 proposicionis

332 3042 450 3084 facte
494 3056 575 3098 per
620 3055 719 3084 eum
766 3055 918 3084 coram
962 3042 1165 3084 bonitate
1196 3046 1363 3095 vestra,
1407 3055 1543 3097 quam
1575 3041 1720 3093 nobis,
1752 3044 1802 3082 ut
1834 3040 1953 3082 infra
