2296 3512
917 232 1235 272 —665—

270 360 563 411 intendimus,
618 359 917 401 exercitantes
962 373 1043 401 nos
1084 359 1209 414 ipsos
1253 359 1299 401 in
1345 359 1546 402 honestis
1589 358 1803 414 operibus
1843 359 1887 399 et

271 431 500 474 laboriciis
533 430 806 481 decentibus,
842 429 919 484 qui
950 429 1166 471 sciverint
1200 434 1242 471 et
1274 443 1362 472 non
1395 429 1563 471 fuerint
1589 429 1690 472 aliis
1724 428 1886 471 divinis

271 501 498 556 obsequiis
543 500 737 556 ocupati,
784 533 793 541 .
822 533 830 541 .
860 532 869 541 .
911 513 1015 541 rare
1055 512 1161 541 vero
1194 500 1264 542 vel
1298 500 1512 542 calciatos
1544 500 1764 551 incedere,
1800 498 1888 541 nisi

271 573 331 615 sit
361 571 606 614 necessitas
638 583 804 625 urgens
838 573 881 612 et
903 569 1146 612 manifesta
1168 570 1424 622 infirmitas,
1457 584 1547 613 non
1571 571 1784 613 debemus
1807 582 1889 611 nec

270 654 510 699 possumus
543 641 638 684 sine
663 643 849 696 peccato
883 640 1080 683 mortali.

412 713 551 767 [Hec],
583 712 784 768 inquam,
818 715 936 765 sunt,
971 725 1056 767 qne
1079 713 1241 766 parent
1264 711 1309 752 in
1333 711 1499 754 occulis
1521 712 1768 763 hominum,
1802 724 1889 766 que

271 797 453 827 servare
486 786 704 834 tenemur,
740 786 833 825 tam
867 796 920 824 ex
952 782 1120 824 virtute
1153 782 1307 836 regule
1341 785 1384 823 et
1416 783 1641 837 preceptis
1675 784 1718 823 et
1750 784 1888 823 testa-
1938 832 1946 837 ι

269 858 421 897 mento
452 854 705 896 beatissimi
737 853 883 909 patris
914 853 1061 896 nostri
1092 853 1336 904 Francisci,
1372 853 1492 908 quod
1525 853 1764 908 diligenter
1797 865 1888 895 ser-

270 939 377 968 vare
417 925 692 968 intendimus
738 938 873 980 quam
916 924 1053 966 etiam
1087 938 1141 966 ex
1174 923 1451 966 continentia
1485 926 1527 965 et
1558 923 1783 979 preceptis
1816 923 1889 964 de-

270 996 571 1039 clarationum
604 1009 883 1038 summorum
915 995 1180 1050 pontificum
1223 1007 1360 1050 super
1395 993 1601 1049 regulam
1639 993 1890 1049 predictam

269 1067 507 1120 factarum,
541 1067 736 1109 maxime
768 1066 891 1108 illius
933 1080 1018 1121 que
1050 1065 1234 1121 incipit:
1278 1064 1429 1117 ,Exivi
1461 1065 1515 1106 de
1546 1064 1778 1120 paradiso⁴
1813 1077 1890 1105 no-

269 1139 386 1180 viter
431 1138 476 1180 in
520 1137 708 1180 concilio
749 1137 900 1179 hedite
941 1140 984 1179 et
1028 1137 1195 1178 tradite
1228 1135 1449 1178 fratribus
1482 1135 1565 1178 sub
1599 1135 1705 1177 bula
1737 1133 1893 1190 papali

269 1209 476 1265 pluribus
521 1208 687 1264 elapsis
730 1208 821 1250 iam
865 1207 1155 1262 mensibus2).
1209 1206 1306 1259 Que
1352 1209 1502 1249 autem
1536 1205 1655 1247 circa
1687 1206 1746 1259 (Ρ)
1786 1205 1889 1247 obe-

270 1280 486 1322 dientiam
535 1283 578 1321 et
626 1279 884 1321 castitatem
929 1292 1111 1320 servare
1156 1281 1374 1330 tenemur,
1421 1278 1568 1319 dicere
1596 1277 1655 1331 (Ρ)
1697 1289 1786 1318 non
1825 1278 1893 1318 est

270 1351 496 1407 presentis
536 1350 724 1392 materie
756 1349 826 1392 vel
859 1350 1194 1405 speculationis.
1257 1349 1424 1391 Tamen
1457 1348 1605 1403 gratia
1638 1346 1894 1403 ignorantie

273 1424 443 1465 statum
476 1424 683 1464 nostrum
707 1421 931 1475 dici[mus]
957 1455 964 1462 .
994 1455 1002 1462 .
1033 1454 1040 1462 .
1066 1420 1219 1475 regule
1242 1422 1408 1462 nostre.
1458 1419 1669 1474 Precipit,
1692 1418 1892 1473 inquam,

272 1492 493 1535 fratribus
526 1491 748 1534 universis
772 1505 853 1547 per
876 1491 1180 1533 obedientiam
1204 1491 1364 1533 beatus
1391 1490 1672 1541 Franciscus,
1707 1492 1756 1531 ut
1789 1489 1893 1531 obe—

273 1563 400 1605 diant
446 1563 539 1606 suis
577 1563 766 1618 prelatis
798 1563 844 1604 in
878 1563 1102 1615 omnibus,
1144 1576 1229 1617 que
1261 1561 1569 1617 promiserunt
1602 1560 1782 1603 domino
1816 1559 1894 1602 ob-

274 1647 455 1677 servare
503 1637 547 1676 et
587 1648 675 1676 non
720 1636 825 1677 sunt
868 1633 1098 1676 contraria
1142 1633 1289 1675 anime
1332 1636 1375 1674 et
1419 1632 1573 1688 regule
1611 1634 1778 1674 nostre.
1842 1632 1894 1673 In

274 1705 436 1760 quibus
479 1705 592 1747 illud
629 1708 760 1747 nota:
805 1705 852 1746 in
886 1704 1109 1757 omnibus,
1144 1718 1229 1760 que
1261 1704 1570 1759 promiserunt
1603 1703 1783 1745 domino
1817 1703 1894 1744 ob-

274 1790 475 1827 servare,
508 1790 596 1818 non
630 1776 757 1828 dixit,
792 1789 878 1831 que
909 1775 1097 1831 prelatis
1130 1775 1376 1831 placebunt
1405 1775 1643 1825 mandare3
1677 1778 1808 1815 nota:
1852 1775 1896 1815 et

273 1860 362 1889 non
394 1850 499 1889 sunt
537 1847 766 1889 contraria
799 1847 946 1888 anime
980 1850 1023 1888 et
1054 1846 1210 1902 regule
1243 1848 1422 1898 nostre3
1464 1848 1507 1887 et
1541 1859 1593 1887 ex
1626 1844 1713 1887 hiis
1746 1843 1895 1886 verbis

275 1917 454 1972 collige,
488 1919 608 1973 quod
639 1920 791 1974 potest
824 1918 1064 1973 [prelatus]
1101 1952 1109 1958 .
1137 1951 1144 1958 .
1175 1951 1182 1958 .
1219 1920 1261 1959 et
1293 1917 1338 1958 in
1373 1916 1536 1972 quibus
1571 1915 1657 1958 sibi
1689 1914 1895 1957 subditos

275 1988 488 2044 obligare.
558 1988 707 2031 Nichil
753 1988 870 2031 enim
911 1989 1115 2044 prelatus
1158 2001 1294 2043 super
1332 1987 1561 2030 subditum
1605 1987 1759 2038 habet,
1808 1985 1896 2028 nisi

276 2060 395 2114 quod
429 2073 527 2101 eum
559 2060 603 2102 in
637 2073 746 2101 vera
779 2061 1071 2103 observantia
1103 2059 1257 2114 regule
1292 2059 1424 2101 debet
1457 2058 1565 2100 velit
1587 2058 1700 2100 nolit
1729 2061 1893 2099 tenere.

277 2129 492 2172 Subditus
532 2143 638 2172 vero
679 2130 726 2172 in
766 2130 982 2186 predictis
1023 2131 1157 2172 debet
1189 2130 1285 2172 sine
1318 2130 1574 2172 conditione
1608 2129 1760 2184 aliqua
1793 2128 1896 2170 obe-

276 2201 371 2243 dire
402 2201 604 2256 prelatis.
668 2200 715 2243 si
750 2215 867 2254 vero,
903 2202 1022 2257 quod
1056 2201 1188 2253 absit,
1222 2201 1426 2257 prelatus
1460 2214 1507 2243 se
1544 2200 1678 2242 aliter
1710 2200 1897 2241 haberet

277 2273 333 2314 ad
374 2272 617 2321 subditum,
660 2272 831 2315 scilicet
875 2272 962 2315 sibi
1005 2272 1178 2328 aliquid
1212 2275 1370 2314 contra
1400 2271 1607 2328 predicta
1638 2270 1896 2313 mandando

276 2343 345 2384 vel
379 2355 467 2384 non
497 2342 790 2398 providendo,
830 2343 1027 2399 qualiter
1059 2343 1206 2399 possit
1238 2343 1334 2386 sine
1368 2342 1724 2385 contradictione
1756 2341 1896 2383 libere

276 2414 532 2465 observare,
578 2427 665 2455 non
711 2413 805 2455 eius
846 2414 1089 2469 prelat[us]
1126 2448 1134 2455 .
1164 2448 1172 2456 .
1204 2448 1211 2455 .
1247 2414 1495 2456 censendus
1535 2417 1603 2456 est
1635 2413 1714 2455 sed
1744 2412 1896 2468 potius

277 2483 536 2539 dissipator.
601 2481 684 2525 Cui
720 2497 809 2526 non
842 2484 1024 2527 obedire
1055 2485 1101 2527 in
1134 2485 1303 2528 talibus
1337 2487 1405 2528 est
1430 2498 1534 2527 vere
1560 2484 1773 2526 obediens
1801 2496 1897 2526 esse

276 2555 371 2597 Deo
406 2556 449 2595 et
480 2553 634 2608 regule
665 2554 757 2595 iam
789 2556 1013 2610 promisse
1037 2558 1081 2597 et
1104 2569 1130 2597 a
1152 2556 1235 2597 tali
1266 2569 1350 2612 pro
1384 2555 1532 2598 causis
1566 2555 1697 2597 dictis
1725 2555 1780 2608 (P)
1814 2588 1821 2595 .
1853 2587 1860 2594 .
1887 2587 1895 2594 .

277 2626 483 2668 secedere
524 2637 613 2666 non
658 2627 726 2667 est
770 2638 797 2666 a
835 2628 1020 2680 pastore
1059 2625 1216 2682 fugere
1257 2629 1326 2669 set
1360 2661 1367 2668 .
1404 2660 1410 2668 .
1447 2661 1454 2668 .
1487 2625 1725 2682 promissis
1767 2624 1898 2666 nulla

277 2695 526 2739 auctoritas
559 2697 710 2751 potest
742 2696 945 2738 subicere
978 2697 1224 2750 subditum,
1259 2697 1366 2753 quia
1397 2700 1506 2739 tunc
1538 2700 1656 2739 esset
1682 2708 1898 2752 perversa

279 2767 550 2822 [doctorum]
585 2765 804 2818 doctrina,
836 2766 914 2808 ubi
947 2768 1265 2821 determinant,
1298 2768 1445 2823 magis
1468 2768 1563 2810 Deo
1592 2780 1727 2822 quam
1754 2765 1897 2808 homi-

276 2837 408 2880 nibus
453 2836 750 2879 obediendum
781 2835 890 2878 fore.
953 2837 1020 2879 De
1053 2838 1263 2882 castitate
1297 2842 1448 2881 autem
1480 2838 1744 2890 notandum,
1777 2837 1897 2892 quod

418 2953 445 2998 2)
470 2954 535 2988 Die
567 2952 666 2988 Bulle
700 2953 801 2988 Exivi
834 2953 876 2987 de
902 2953 1065 2988 Paradiso
1096 2955 1215 2989 wurde
1250 2965 1306 2989 am
1337 2956 1369 2990 6.
1388 2955 1458 2989 Mai
1485 2954 1575 2989 1312
1608 2953 1770 2988 erlassen.
1827 2953 1897 2986 Das

276 3011 510 3047 Schriftstiick
535 3012 612 3047 fallt
636 3012 706 3047 also
732 3012 768 3046 in
794 3012 861 3046 den
886 3012 1016 3046 Herbst
1043 3013 1144 3048 1312.
