2296 3512
1031 274 1338 314 —876—

378 407 557 446 tenetur
595 404 828 455 obsessus,
870 416 959 444 non
991 401 1139 456 pot-uit
1171 402 1227 443 ad
1264 401 1409 444 dictas
1442 401 1586 444 vista-s
1618 400 1769 442 venire
1802 399 1996 442 termino

379 474 701 529 comprehenso
733 486 876 528 neque
908 472 1139 528 potuimus
1172 472 1357 514 comode
1388 484 1573 526 operam
1605 471 1714 512 dare
1740 470 1786 512 in
1808 469 1995 524 negocio

377 548 649 597 memorato,
692 547 795 586 ante
836 543 982 585 dictus
1023 556 1103 584 rex
1141 556 1166 583 a
1206 542 1336 585 nobis
1378 542 1513 596 peciit
1543 555 1624 596 per
1655 541 1843 584 nuncios
1876 553 1996 590 suos,

379 629 478 657 eum
520 619 571 656 ut
611 628 635 656 a
669 615 888 656 veniendo
931 614 989 655 ad
1021 613 1189 655 dictam
1220 612 1425 660 vistame
1460 615 1723 655 excusatum
1756 611 1922 652 habere
1954 612 1998 651 et

377 686 524 740 ipsam
556 685 724 728 vistam
756 698 836 740 per
869 684 1055 738 aliquod
1086 688 1264 738 tempus
1296 696 1545 739 prorogare
1574 682 1802 733 vellemus,
1836 694 1923 736 quo
1937 680 1997 734 (?)

377 756 473 810 ipse
508 759 551 797 et
581 769 664 798 nos
696 768 932 810 possemus
966 755 1021 796 ad
1054 754 1244 796 invicem
1274 767 1355 796 nos
1377 754 1542 796 videre.
1592 752 1754 808 Sicque
1777 750 1997 806 expeditis

377 840 457 882 per
488 827 636 880 ipsum
669 840 821 881 regem
855 825 988 868 dictis
1021 825 1232 880 negociis,
1268 826 1387 880 quod
1419 824 1465 866 in
1490 823 1616 866 brevi
1640 837 1736 866 esse
1759 821 1997 873 credimus,

377 896 539 939 saltem
570 910 714 952 usque
746 897 803 938 ad
835 895 1031 938 medium
1066 895 1411 951 quadragesime
1437 894 1665 946 instantis,
1699 908 1800 936 cum
1824 892 1996 934 contin·

378 967 495 1022 gerit
526 966 693 1009 tristam
724 966 824 1008 fieri
846 966 1168 1020 supradictam,
1203 979 1342 1021 quare
1367 965 1535 1007 dictum
1559 966 1740 1006 Petrum
1763 963 1998 1005 nobiseum

379 1050 475 1080 esse
506 1038 837 1090 mandavimus,
871 1037 933 1080 sic
968 1038 1236 1078 concedente
1260 1035 1483 1079 altissimo
1507 1049 1613 1091 erga
1637 1034 1858 1089 premissa
1880 1037 1999 1075 trac-

377 1111 475 1150 tare
509 1111 552 1150 et
584 1121 830 1162 procurare
864 1122 915 1149 ac
947 1108 1184 1162 providere
1216 1106 1512 1159 intendimus,
1546 1107 1665 1162 quod
1698 1106 1755 1147 ad
1788 1103 1999 1147 altissimi

379 1178 549 1221 domini
591 1179 737 1221 nostri
767 1179 909 1221 Jhesu
941 1178 1111 1221 Christi
1155 1177 1348 1233 gloriam
1394 1182 1437 1219 et
1480 1177 1697 1218 honorem
1745 1178 1788 1217 et
1829 1174 1999 1217 exalta-

378 1250 551 1291 cionem
585 1248 841 1291 Christiane
873 1249 978 1291 fidei
1011 1256 1146 1304 atque
1178 1248 1317 1290 vestri
1351 1252 1393 1290 et
1425 1247 1624 1289 fidelium
1659 1253 1701 1289 et
1734 1247 1999 1288 devotorum

377 1333 563 1363 suorum
597 1320 925 1374 beneplacitum
955 1318 1239 1362 redundabit.
1289 1318 1393 1360 Dat.
1417 1318 1588 1360 Turolii
1610 1318 1755 1360 XHH.
1780 1316 1998 1358 kalendas

377 1391 640 1433 Decembris
674 1404 790 1432 anno
826 1390 995 1433 domini
1028 1388 1189 1433 MCCC
1221 1389 1426 1444 septimo.

518 1461 602 1505 Reg.
630 1460 698 1495 140
723 1461 749 1494 f.
778 1462 832 1495 75.
884 1460 935 1495 Ob
962 1471 998 1494 es
1030 1460 1105 1494 sich
1132 1471 1191 1493 um
1216 1460 1277 1493 das
1302 1459 1488 1504 Vorgehen
1514 1470 1624 1504 gegen
1649 1458 1809 1493 Granada
1832 1455 1999 1491 handelt‘?

376 1520 477 1554 Aueh
502 1520 585 1564 Reg.
612 1519 682 1554 238
708 1520 732 1553 f.
761 1520 778 1552 1
807 1519 961 1554 schreibt
984 1520 1015 1555 J.
1043 1530 1087 1554 an
1114 1518 1261 1561 Amald,
1301 1519 1380 1553 dass
1405 1519 1443 1553 P.
1471 1519 1512 1552 de
1538 1517 1794 1553 Montemolone
1820 1517 1893 1550 ihm
1918 1515 1999 1550 Mit-

376 1578 552 1623 teilungeu
578 1578 727 1613 Arnalds
758 1578 923 1622 gebracht
948 1579 1024 1621 hat,
1057 1577 1253 1622 beglaubigt
1279 1578 1399 1612 diesen
1424 1578 1478 1611 bei
1503 1579 1544 1613 A.
1572 1577 1643 1611 und
1668 1579 1709 1611 A.
1737 1575 1820 1610 solle
1846 1575 1905 1609 das
1931 1574 1998 1608 Be-

376 1638 558 1672 tresfende
585 1638 791 1672 ausfuhren.
841 1638 1026 1681 Saragossa
1053 1637 1168 1672 1309?
1194 1638 1277 1671 oder
1304 1637 1416 1674 1308?
1442 1637 1573 1671 Januar
1599 1638 1629 1671 5.

378 1759 478 1799 554.
511 1758 672 1812 Jayme
700 1758 765 1799 II.
805 1770 863 1799 an
894 1757 1072 1799 Arnald
1109 1769 1197 1799 von
1232 1757 1504 1799 villanova:
1542 1755 1640 1799 Auf
1673 1756 1800 1797 seine
1837 1753 2001 1796 Bitten

376 1827 459 1870 hat
492 1839 544 1870 er
576 1827 664 1870 den
687 1828 950 1870 Katalanen
981 1828 1031 1870 in
1057 1829 1284 1870 Romania
1305 1828 1544 1872 befohlen.
1577 1827 1653 1869 die
1680 1824 1870 1869 Monehe
1895 1835 2001 1866 vom

377 1899 531 1951 Berge
571 1898 720 1941 Athos
766 1911 821 1940 zu
864 1899 1085 1941 sehiitzen
1135 1899 1229 1940 und
1262 1899 1394 1941 nieht
1443 1910 1497 1940 zu
1540 1896 1811 1950 schadigem
1857 1894 2001 1937 bittet

378 1970 543 2011 erneut
595 1981 674 2011 um
718 1958 1055 2023 ‘Ubersendung
1109 1970 1259 2012 seines
1312 1980 1462 2011 neuen
1505 1968 1720 2011 Werkes:
1775 1965 2000 2008 Medic-ine

378 2040 638 2093 speculum3
672 2051 720 2082 es
754 2040 845 2082 soll
875 2053 967 2082 nur
998 2040 1079 2082 fiir
1116 2040 1199 2082 ihn
1238 2040 1512 2094 gebraucht,
1548 2038 1841 2081 niemandem
1881 2037 2000 2078 ohne

378 2111 506 2152 seine
529 2109 884 2164 Genehmigung
909 2111 1170 2165 mitgeteilt
1195 2110 1394 2153 werden.
1442 2110 1662 2152 Valencia
1694 2108 1810 2151 1308
1835 2107 1935 2151 Juli
1961 2107 1999 2149 l.

520 2204 781 2246 Venerabili
821 2208 865 2246 et
905 2205 1119 2260 prudenti
1159 2204 1257 2246 viro
1300 2205 1523 2259 magistro
1565 2203 1769 2246 Arnaldo
1812 2203 1864 2244 de
1907 2201 2000 2243 Vil-

377 2274 543 2317 lanova
574 2275 761 2330 phisico,
796 2275 1055 2318 consiliario
1089 2279 1132 2317 et
1169 2274 1385 2317 familiari
1418 2288 1499 2317 suo
1533 2274 1696 2317 dilecto
1729 2274 1923 2316 salutem
1957 2276 2000 2314 et

379 2345 681 2388 dileccionem.
744 2345 965 2388 Litteram
1006 2349 1205 2388 vestram
1244 2346 1515 2401 recepimus,
1562 2346 1692 2387 iuxta
1731 2357 1866 2400 quam
1901 2377 1909 2384 .
1945 2377 1953 2384 .
1990 2375 1998 2383 .

379 2416 601 2460 altissimo
636 2420 754 2459 esset
786 2420 981 2471 gratum,
1015 2416 1053 2458 si
1087 2421 1242 2471 gentes
1275 2420 1456 2459 nostras
1480 2416 1526 2457 in
1547 2416 1756 2471 partibus
1778 2414 1996 2457 Romanie

379 2490 580 2543 agentes,
612 2500 667 2529 ne
699 2487 933 2530 monachis
956 2487 1220 2529 monasterii
1243 2500 1277 2529 s.
1297 2487 1584 2541 Athanasiia)
1608 2487 1654 2528 in
1671 2489 1824 2529 monte
1842 2488 1999 2529 sancto

379 2559 433 2601 de
470 2557 880 2612 habitacionibusb)
920 2557 1137 2599 Romanie
1184 2557 1404 2600 inferrent
1445 2557 1696 2610 molestias,
1746 2569 2000 2612 compesce-

378 2643 541 2672 remus.
594 2627 895 2684 Comparente
926 2629 972 2670 in
1004 2629 1239 2684 presencia
1271 2633 1429 2671 nostra
1462 2628 1604 2670 altero
1636 2642 1689 2670 ex
1711 2628 1801 2670 illis
1825 2627 2000 2669 duobus

378 2699 611 2743 monachis
659 2700 924 2742 monasterii
971 2700 1222 2755 supradicti
1268 2699 1314 2741 in
1361 2699 1516 2741 littera
1562 2704 1715 2742 vestra
1763 2697 1998 2749 contentis,

378 2771 650 2826 rescriptum
683 2774 890 2813 nostrum
923 2770 963 2812 ei
996 2771 1321 2823 concessimus,
1364 2784 1445 2826 per
1479 2771 1598 2826 quod
1631 2783 1842 2825 expresse
1873 2781 1999 2810 man-

380 2842 540 2884 damus
571 2841 792 2884 militibus
826 2844 870 2883 et
900 2841 1128 2897 peditibus
1160 2841 1446 2884 naturalibus
1478 2841 1671 2893 nostris,
1712 2840 1759 2882 in
1790 2839 1998 2895 partibus

379 2912 598 2954 Romanie
637 2912 917 2967 degentibus,
951 2926 1122 2955 necnon
1156 2913 1342 2954 devotos
1376 2914 1420 2953 et
1452 2912 1620 2954 amicos
1653 2914 1834 2954 nostros
1866 2922 1998 2965 roga-

379 2995 492 3034 mus,
528 2996 583 3024 ne
614 2983 892 3026 monasterio
916 2983 1176 3037 supradicto
1201 2996 1279 3025 seu
1302 2982 1612 3025 adiacentibus
1635 2982 1729 3025 suis
1751 2979 1998 3032 monachis,

449 3051 502 3079 553
521 3053 550 3096 b)
575 3051 674 3096 Folgt
699 3063 779 3086 eum
804 3051 993 3088 noehmals.
1034 3052 1087 3079 554
1106 3059 1135 3096 a)
1155 3052 1359 3086 Anthanasii
1378 3052 1460 3096 Reg.
1500 3052 1529 3096 b)
1556 3051 1608 3086 Ob
1633 3054 1717 3086 statt
1741 3050 1998 3086 habitantibus?
