2296 3512
930 278 1244 317 —927—

277 404 451 446 actibus
484 417 531 446 se
557 404 825 446 inmiseeant
859 404 953 446 sive
984 408 1172 459 ponant,
1206 410 1255 446 ut
1287 405 1405 447 inter
1439 418 1514 447 eos
1543 408 1587 447 et
1610 404 1754 447 dictos
1778 405 1897 447 cives

275 474 420 516 omnis
477 475 680 517 scandali
733 477 776 516 et
829 474 1125 517 disoeneionis
1179 476 1372 517 materia
1424 475 1698 518 sublevetur.
1792 476 1895 517 Dat.

275 543 607 600 Cesarauguste
652 545 753 586 ΠΠ.
788 558 932 587 nonas
974 544 1183 586 «Ianuarii
1229 559 1345 587 anno
1385 546 1588 600 predicto
1623 544 1896 602 [MCCGX1].

414 615 498 658 Reg.
524 614 592 648 239
618 615 644 648 f.
671 614 751 650 203.

275 747 370 786 599.
415 745 444 787 J
447 756 576 799 ayme
598 746 664 786 II.
689 757 746 786 an
769 745 857 786 den
878 744 1159 786 Hofrichter
1177 744 1423 787 Ombertus
1451 745 1506 787 de
1530 744 1689 800 Capite
1711 748 1895 800 pontis:
1948 797 1957 802 -

272 813 563 857 Ruhestiirer
585 815 778 857 fordern
801 827 905 858 vom
928 815 1119 869 Kapitel
1141 828 1196 856 zu
1218 816 1388 857 Lerida
1408 815 1488 857 fiir
1510 816 1585 858 die
1608 817 1898 859 Universitat

272 886 406 927 mehr
457 885 525 927 als
572 886 966 939 vertragsmiissig
1010 885 1287 938 festgesetzt
1332 886 1417 937 ist3
1472 887 1685 940 verlangt
1732 887 1896 929 Unter-

272 957 483 1009 suehung
534 956 628 998 und
659 956 951 1009 Mitteilung,
1005 956 1061 998 da
1113 967 1164 998 er
1211 957 1458 1010 energiseh
1504 958 1740 1010 vorgehen
1783 958 1896 1000 will.

759 1028 1017 1069 Bareelona
1049 1027 1160 1069 1312
1192 1028 1305 1070 Juni
1337 1028 1408 1069 22.

412 1121 609 1164 Jacobus
634 1126 714 1163 etc.
751 1122 913 1163 dilecto
936 1121 1073 1163 iudici
1096 1121 1218 1164 curie
1240 1125 1396 1164 nostre
1420 1121 1635 1164 Omberto
1659 1123 1712 1163 de
1736 1120 1896 1177 Capite

271 1192 422 1247 pontis
460 1192 611 1247 legum
645 1192 820 1234 doctori
854 1197 934 1234 ete.
998 1193 1071 1234 Ad
1105 1192 1389 1234 audienciam
1410 1194 1615 1235 nostram
1649 1192 1895 1248 n[overitis]

270 1263 543 1318 pervenisse
585 1264 704 1317 quod
746 1264 929 1318 quidam
972 1264 1054 1306 sub
1095 1263 1242 1318 speeie
1279 1263 1382 1306 boni
1415 1264 1602 1305 turbant
1636 1266 1678 1305 et
1710 1264 1895 1306 turbare

270 1333 477 1375 nituntur
510 1334 707 1377 studium
735 1334 945 1390 generale
974 1333 1134 1386 ilerde,
1170 1337 1408 1389 querentes
1442 1334 1557 1389 plus,
1592 1347 1728 1388 quam
1759 1334 1896 1376 fuerit

270 1404 316 1445 in
357 1407 491 1459 paeto
533 1419 611 1448 seu
654 1405 1032 1447 oonvenoionibus
1074 1406 1315 1447 deductum
1354 1405 1473 1447 inter
1506 1404 1753 1460 capitulum
1785 1405 1895 1447 Iler-

272 1475 405 1517 dense
430 1480 471 1517 et
493 1476 720 1531 paoiarios
745 1479 788 1517 et
805 1477 973 1531 probos
992 1476 1196 1518 homines
1220 1476 1418 1518 civitatis
1442 1476 1654 1518 eiusdem.
1704 1476 1895 1531 Propter

271 1547 391 1601 quod
437 1546 605 1589 dietum
650 1547 849 1589 studium
891 1546 977 1589 fuit
1006 1550 1049 1588 et
1083 1550 1149 1590 est
1182 1561 1270 1589 non
1303 1548 1530 1589 modicum
1562 1548 1892 1602 perturbatum.

268 1617 441 1659 Idcirco
487 1618 616 1660 vobis
654 1631 735 1673 per
776 1621 1009 1673 presentes
1042 1618 1320 1673 iniungimus
1355 1622 1397 1660 et
1428 1619 1714 1670 mandamus,
1748 1618 1894 1673 quati-

268 1701 352 1730 nus
386 1701 522 1743 super
553 1688 769 1744 predic-tis
802 1689 1042 1731 veritatem
1076 1689 1274 1731 breviter
1306 1689 1563 1745 inquiratis,
1599 1689 1675 1744 qui
1709 1692 1752 1730 et
1785 1693 1894 1744 quot

269 1762 373 1801 sunt
406 1759 514 1801 dieti
546 1760 684 1802 studii
716 1761 1075 1815 perturbatores,
1108 1760 1346 1803 referendo
1368 1760 1498 1803 nobis
1523 1761 1686 1803 vestris
1712 1760 1892 1813 litteris,

270 1829 482 1885 quiequid
514 1830 776 1873 inveneritis
809 1831 1029 1873 veritatis.
1094 1832 1186 1873 Nos
1211 1831 1328 1873 enim
1351 1831 1611 1873 huiusmodi
1632 1831 1894 1873 turbatores

268 1900 423 1942 taliter
464 1901 756 1956 corrigemus,
803 1903 923 1957 quod
966 1903 1091 1944 cedet
1134 1903 1186 1944 de
1227 1905 1374 1944 cetero
1410 1902 1510 1945 aliis
1543 1902 1589 1943 in
1623 1902 1891 1957 exemplum.

267 1970 373 2013 Dat.
407 1972 691 2014 Barchinone
722 1973 777 2014 X.
810 1973 1029 2015 kalendas
1061 1973 1173 2015 Julii
1212 1986 1328 2015 anno
1363 1973 1533 2015 domini
1566 1970 1752 2014 MCCCO
1785 1972 1891 2014 duo-

270 2042 455 2085 decimo.

408 2113 491 2156 Reg.
518 2112 587 2147 240
613 2113 639 2147 f.
667 2114 722 2148 31.

269 2245 365 2285 600.
426 2245 588 2298 Jayme
622 2244 688 2286 II.
737 2257 793 2286 an
836 2244 910 2286 die
948 2244 1154 2286 Paeiarii
1187 2245 1234 2285 in
1276 2243 1466 2286 Lerida:
1515 2245 1691 2286 Verbot
1738 2246 1890 2298 eigen-

267 2315 475 2367 m'aehtig
535 2314 841 2356 Professoren
919 2328 976 2357 an
1050 2315 1134 2356 der
1189 2315 1479 2357 Universititt
1530 2328 1585 2357 zu
1640 2326 1891 2357 ernennen.

697 2385 973 2437 (Bareelona
1007 2385 1118 2428 1312
1151 2383 1458 2439 September.)

407 2481 499 2522 Nos
550 2479 748 2522 Jacobus
797 2483 877 2520 etc.
930 2479 1139 2521 fidelibus
1192 2479 1285 2521 suis
1339 2480 1555 2535 paciariis
1607 2480 1752 2521 Ilerde
1807 2487 1887 2522 ete.

267 2549 385 2602 Quia
422 2550 740 2601 intelleximus,
787 2551 907 2604 quod
939 2563 1019 2592 vos
1052 2550 1241 2605 propria
1274 2551 1546 2593 auctoritate
1579 2554 1732 2594 vestra
1767 2551 1888 2592 affir-

266 2621 427 2663 mastis
461 2635 539 2663 seu
582 2620 816 2663 intenditis
851 2620 1061 2661 afirmare
1095 2621 1321 2670 doctores,
1369 2622 1444 2676 qui
1476 2621 1631 2677 legant
1661 2621 1706 2663 in
1740 2622 1889 2664 studio

266 2692 485 2734 Ilerdensi
527 2698 569 2733 et
615 2706 667 2733 ex
707 2692 791 2733 hoe
831 2691 981 2746 ipsum
1031 2692 1229 2735 studium
1279 2693 1589 2748 perturbatur,
1629 2706 1729 2734 oum
1761 2691 1890 2733 iuxta

267 2763 588 2805 convenciones
630 2762 812 2804 habitas
855 2763 1093 2818 episcopus
1137 2766 1180 2805 et
1223 2763 1471 2818 capitulum
1505 2763 1757 2805 Ilerdenses
1798 2775 1889 2804 una

267 2848 367 2876 oum
400 2833 651 2875 rectoribus
686 2836 729 2874 et
762 2833 1033 2875 consiliariis
1067 2834 1175 2875 dieti
1198 2834 1337 2876 studii
1364 2834 1556 2875 debeant
1580 2837 1623 2874 et
1648 2835 1889 2874 teneantur

267 2905 375 2946 dare
419 2904 692 2947 sufficientes
741 2904 948 2946 doctores
980 2904 1026 2945 in
1060 2904 1178 2946 dieto
1213 2904 1362 2947 studio
1396 2903 1468 2959 [ad
1499 2902 1776 2959 l]egendum:
1822 2903 1887 2945 id-

267 2975 384 3017 eireo
428 2975 696 3017 mandamus
741 2978 783 3016 et
824 2974 1015 3016 dicimus
1056 2974 1205 3027 vobis,
1250 2978 1471 3029 quatenus
1499 2975 1552 3015 de
1584 2974 1671 3016 hiis
1703 2973 1886 3016 minime

265 3059 346 3089 vos
377 3045 689 3097 intromitatis,
735 3048 803 3088 set
846 3046 966 3100 quod
998 3045 1144 3088 dictos
1177 3045 1438 3101 episcopum
1472 3047 1516 3086 et
1553 3045 1803 3100 capitulum
1844 3046 1887 3085 et
