2296 3512
1094 209 1418 249 —560—

447 340 515 380 set
555 337 706 393 potius
748 349 907 378 nocere
948 338 1135 391 propter
1174 336 1456 390 vilitatem&
1498 350 1633 391 quam
1681 337 1974 379 ostenderunt
2019 335 2065 376 in

446 408 653 464 partibus
698 407 856 448 Tuscie
903 406 957 447 ab
1006 407 1201 448 adventu
1253 407 1422 448 domini
1476 407 1766 462 imperatoris
1822 406 1954 457 citra,
2008 406 2063 447 ob

448 492 583 534 quam
617 490 799 520 causam
832 477 1082 519 Florentini
1112 491 1200 520 non
1234 478 1427 519 libenter
1459 478 1612 519 vident
1646 478 1842 532 aliquem
1876 478 1929 518 de
1960 489 2065 531 par-

446 549 566 591 tibus
591 548 822 591 Gatalonie
851 550 894 589 et
915 548 1156 603 Aragonie.
1206 549 1262 590 Et
1295 548 1382 590 nisi
1414 549 1649 603 prodesset
1682 548 1861 589 bonitas
1896 546 2065 589 domini

447 619 651 662 Caroccii
697 623 740 660 et
785 619 955 661 domini
1001 619 1184 660 Blaschi
1231 622 1274 660 et
1319 619 1491 661 domini
1535 617 1731 660 Simonis
1776 617 1977 659 Bellochi
2021 619 2065 658 et

445 689 666 732 Bernardi
699 689 931 740 Monsorii,
973 689 1062 744 ipsi
1094 689 1344 732 Florentini
1385 689 1557 730 nollent
1596 689 1747 730 videre
1783 689 1976 743 aliquem
2011 688 2064 729 de

444 774 615 815 rengno
658 760 828 802 domini
868 760 1013 802 nostri
1045 764 1232 815 propter
1265 773 1420 802 eorum
1453 759 1690 812 vilitatem,
1724 772 1773 801 eo
1810 760 1929 814 quod
1962 772 2062 814 pre—

446 831 591 873 dictus
636 831 844 873 dominus
888 830 1246 873 marischalchus
1289 834 1332 872 et
1374 830 1486 872 socii
1516 830 1675 872 nolunt
1706 830 1857 871 videre
1892 829 2064 871 vultum

443 902 625 944 inimici.
692 900 769 943 Set
800 901 942 943 totius
976 901 1094 943 dicte
1125 901 1316 943 vilitatis
1350 904 1454 942 sunt
1489 901 1647 955 capud,
1672 900 1868 941 medium
1893 902 1935 941 et
1961 900 2064 941 finis

445 973 653 1015 dominus
686 971 917 1027 Deghush)
954 1006 994 1013 ..
1022 1006 1029 1013 .
1066 985 1165 1013 cum
1200 972 1300 1013 aliis
1334 971 1713 1012 Nauarrensibus.
1778 970 1880 1011 Alia
1913 972 2063 1012 autem

446 1047 514 1086 est
547 1057 696 1094 causa,
732 1043 839 1098 quia
870 1043 1037 1098 prefati
1068 1042 1317 1084 Florentini
1350 1055 1439 1083 non
1472 1040 1621 1096 benei)
1657 1044 1977 1083 contentantur
2011 1042 2064 1082 de

445 1114 752 1157 dominatione
787 1114 955 1155 domini
986 1114 1106 1168 regis
1129 1113 1317 1155 Roberti
1344 1115 1532 1167 propter
1556 1112 1810 1162 avaritiam,
1835 1125 1919 1166 que
1942 1112 1987 1153 in
2012 1125 2062 1153 eo

445 1188 652 1240 rengnat.
712 1185 856 1226 Multa
886 1197 1068 1239 possem
1102 1183 1228 1225 vobis
1263 1183 1414 1224 circha
1446 1183 1650 1237 predicta
1683 1195 1907 1223 enarrare.
1972 1181 2063 1224 Sub

446 1255 728 1310 breviloquio
752 1255 866 1307 dico,
902 1256 1020 1309 quod
1043 1253 1293 1296 Florentini
1315 1266 1404 1294 non
1438 1253 1734 1308 adquiescunt
1767 1252 2065 1295 dominationi

443 1326 612 1382 prefati
657 1326 827 1368 domini
872 1325 992 1379 regis
1024 1325 1224 1367 Roberti.
1288 1323 1414 1365 Unde
1454 1324 1491 1366 si
1534 1323 1743 1365 dominus
1777 1326 1931 1365 noster
1964 1324 2061 1375 erit,

442 1399 494 1438 ut
527 1400 710 1438 actenus
745 1410 841 1438 esse
875 1394 1170 1446 consueverit,
1217 1407 1316 1436 cum
1352 1394 1613 1436 executione
1646 1394 1907 1435 emandabit
1937 1393 2063 1445 illud,

444 1468 563 1523 quod
596 1481 676 1522 per
706 1480 778 1508 me
810 1467 880 1508 sui
911 1466 1006 1507 vice
1041 1469 1083 1507 et
1116 1466 1294 1507 nomine
1327 1465 1477 1507 extitit
1499 1465 1774 1520 promissum
1809 1467 1852 1506 et
1884 1465 2063 1506 ordina-

443 1541 553 1590 tum,
586 1540 648 1589 ut,
682 1536 870 1579 inferius
902 1537 1030 1579 vobis
1064 1536 1303 1578 declarabo
1337 1536 1447 1591 ipse.
1510 1535 1731 1578 Dominus
1764 1537 1919 1577 noster
1952 1536 2063 1578 adeo

445 1609 654 1664 adquiret
692 1610 736 1649 et
774 1608 1027 1649 lucrabitur
1057 1610 1232 1648 mentes
1280 1610 1323 1648 et
1365 1607 1501 1648 corda
1533 1606 1897 1648 Florentinorum
1929 1606 2063 1648 Guel-

442 1679 604 1731 forum,
660 1679 778 1733 quod
830 1680 1049 1733 perpetuo
1106 1691 1235 1720 suam
1289 1678 1487 1732 gratiam
1540 1680 1583 1719 et
1636 1690 1836 1719 amorem
1897 1677 2062 1719 habere

443 1750 623 1805 cupient
656 1784 664 1790 .
701 1784 708 1791 .
745 1784 752 1791 .
816 1748 921 1790 Alia
955 1762 1091 1791 causa
1125 1752 1205 1800 est,
1241 1749 1360 1804 quod
1394 1762 1581 1790 comune
1619 1748 1844 1790 Florentie
1878 1747 2062 1802 eiusque

442 1821 559 1862 cives
610 1823 714 1863 sunt
754 1821 866 1862 adeo
905 1820 1113 1875 oppressi
1154 1819 1388 1875 dispendio
1423 1822 1466 1860 et
1499 1819 1762 1874 gravamine
1797 1832 1822 1860 a
1854 1819 1925 1860 die
1959 1832 2061 1860 con-

441 1892 589 1933 flictus
638 1891 764 1940 citra,
815 1891 934 1946 quod
980 1891 1226 1945 ingnorant
1272 1903 1354 1931 nec
1401 1890 1566 1941 vident,
1617 1889 1840 1944 quomodo
1885 1889 2063 1945 possint

440 1962 644 2017 predicta
677 1962 911 2004 sustinere.
976 1961 1094 2013 Quia
1127 1961 1280 2003 dicunt
1314 1961 1482 2003 dictum
1509 1974 1663 2003 eorum
1686 1974 1873 2002 comune
1895 1960 2061 2001 habere

441 2033 725 2088 dispendium
760 2031 903 2074 CCCm
935 2032 1209 2074 florenorum
1243 2031 1343 2073 auri
1373 2045 1454 2087 per
1487 2044 1652 2072 annum
1685 2033 1728 2072 et
1750 2031 1883 2072 ultra.
1947 2031 2061 2072 Tan-

441 2104 541 2145 dem
585 2104 630 2145 in
673 2104 880 2145 omnibus
926 2103 1111 2159 agendis
1156 2103 1323 2145 bonum
1369 2103 1478 2144 dant
1518 2102 1718 2144 studium
1761 2115 1860 2143 cum
1903 2101 2062 2144 effectu

440 2174 632 2216 viriliter
664 2179 881 2229 tanquam
905 2176 1074 2230 gentes,
1106 2187 1190 2228 que
1223 2174 1481 2215 desiderant
1505 2186 1659 2215 eorum
1684 2173 1942 2228 dispergere
1964 2172 2054 2227 yni-

439 2245 594 2287 micos.
658 2245 753 2300 Ego
799 2248 947 2287 autem
994 2245 1222 2286 narrando
1268 2245 1321 2285 de
1365 2244 1568 2286 bonitate
1603 2246 1644 2285 et
1692 2244 1814 2285 fama
1858 2244 1977 2285 bona
2018 2246 2061 2285 et

439 2315 672 2371 legalitate
712 2316 882 2358 domini
920 2316 1067 2358 nostri
1105 2329 1260 2358 eorum
1293 2315 1522 2370 prioribus
1557 2317 1599 2356 et
1633 2315 1880 2369 capitaneis
1912 2314 2059 2369 partis

442 2386 599 2428 Guelfe
633 2386 828 2428 civitatis
862 2386 1037 2441 prefate
1070 2389 1113 2428 et
1146 2386 1282 2427 etiam
1314 2386 1360 2427 in
1392 2385 1599 2440 pluribus
1632 2385 1831 2427 consiliis
1862 2384 2058 2427 civitatis

440 2457 650 2498 iamdicte
682 2458 850 2500 habitis
882 2472 965 2513 per
998 2457 1132 2509 eos,k)
1155 2457 1200 2498 in
1226 2457 1387 2512 quibus
1419 2457 1625 2509 omnibus
1652 2456 1738 2498 fuit
1760 2456 1991 2498 obtentum
2017 2459 2059 2497 et

439 2528 750 2581 reformatum,
791 2530 910 2584 quod
950 2528 1203 2570 executioni
1240 2528 1567 2569 mandarentur
1605 2527 1757 2569 onmia
1789 2530 1831 2568 et
1864 2526 2057 2581 singula,

440 2611 525 2653 que
569 2612 650 2653 per
692 2613 762 2640 me
805 2612 890 2654 pro
935 2599 1116 2641 domino
1155 2601 1311 2640 nostro
1350 2598 1493 2653 petita
1526 2600 1570 2639 et
1600 2597 1831 2652 postulata
1863 2596 2056 2638 fuerunt.

439 2668 607 2710 Verum
652 2672 803 2711 tamen
849 2670 1002 2711 dicunt
1045 2668 1307 2721 Florentini,
1355 2670 1487 2723 quod,
1534 2682 1634 2710 cum
1674 2667 1761 2723 ipsi
1803 2667 1857 2709 ob
1897 2680 2057 2709 causas

440 2739 530 2780 iam
577 2740 722 2782 dictas
764 2743 869 2782 sunt
912 2741 1022 2782 adeo
1056 2739 1276 2795 oppressi,
1317 2740 1437 2795 quod
1468 2739 1645 2794 placeat
1676 2739 1797 2793 regie
1829 2737 2058 2779 maiestati

440 2824 515 2852 eos
564 2811 713 2852 circha
766 2811 1003 2866 pecuniam
1051 2811 1313 2853 solvendam
1367 2811 1511 2852 eidem
1564 2810 1729 2851 habere
1788 2811 2055 2863 respectum,

581 2933 610 2970 g)
624 2928 717 2961 Eher
731 2927 925 2963 utilitatem,
941 2927 1022 2961 aber
1036 2927 1101 2972 vgl.
1117 2929 1236 2962 unten.
1279 2927 1311 2971 h)
1325 2927 1450 2961 Leider
1465 2926 1550 2960 zwei
1567 2926 1706 2960 Worter
1720 2936 1804 2968 weg.
1858 2924 1879 2967 i)
1894 2923 1981 2958 bone
1997 2923 2055 2958 Or.

456 2986 489 3030 k)
514 2986 613 3031 Folgt
638 2987 783 3019 wieder:
811 2986 937 3020 habitis
963 2986 1126 3022 consiliis.
