2296 3512
1081 222 1395 262 —592-

427 349 528 391 dem
565 348 684 390 inter
721 348 845 404 ipsos
886 348 1222 392 ambaxiatores
1256 350 1357 406 sita)
1391 349 1556 406 aliquis
1588 349 1770 393 illorum
1804 352 1858 393 de
1889 350 2045 393 Auria.

425 419 527 474 Etb)
571 418 748 471 dicitur,
792 419 912 474 quod
953 419 1158 461 venerint
1188 422 1390 462 tractare
1422 434 1580 476 pacem
1620 434 1722 462 cum
1753 420 2047 464 interioribus

427 489 624 532 civitatis
668 491 710 531 et
753 502 853 532 cum
887 488 1006 532 dicto
1039 503 1146 546 rege
1178 491 1391 533 Roberto.
1453 491 1647 547 Jamque
1680 492 1893 544 creditur,
1927 491 2049 547 quod

425 560 494 602 illi
525 561 579 603 de
613 559 803 615 Spinula
834 559 1117 602 firmaverint
1149 561 1317 603 dictam
1348 574 1506 617 pacem
1539 564 1723 614 secrete,
1750 565 1978 604 tractante
2005 564 2049 603 et

425 633 643 686 operante
674 644 797 686 papa
827 631 1045 686 predicto.
1108 631 1224 674 Item
1269 636 1488 674 venerunt
1530 632 1710 674 noviter
1752 645 1958 675 rumores
2001 632 2048 673 in

426 701 564 753 curia,
600 702 721 756 quod
751 714 912 755 mayor
943 715 1050 757 pars
1082 701 1308 746 iudicatns
1343 702 1560 755 Gallurie,
1595 717 1727 758 quem
1750 703 1904 746 Pisani
1926 706 2048 745 tene-

424 772 548 825 bant,
581 771 865 826 rebellavit2)
900 772 1043 814 eidem
1066 772 1240 828 fuitque
1273 773 1443 815 dictum
1475 773 1522 814 in
1555 774 1838 825 consistorio,
1873 774 1926 816 de
1959 787 2048 829 quo

423 856 546 898 papa
577 842 727 885 minus
760 855 807 885 se
841 845 1097 885 contentum
1134 843 1345 896 ostendit,
1378 843 1444 885 ita
1476 846 1527 885 ut
1553 843 1722 886 diceret
1742 844 1894 887 verbis
1915 858 2047 900 preg-

423 912 638 956 nantibus
683 914 763 955 hec
796 914 957 956 verba:
1001 916 1179 957 Amodo
1227 928 1307 957 rex
1339 917 1605 970 Aragonum
1648 915 1834 958 habebit
1866 915 2048 958 indubie

423 988 582 1027 votum
626 997 756 1027 suum
806 985 858 1026 de
907 983 1136 1027 Sardinia!
1200 986 1393 1028 Posthec
1437 988 1588 1027 autem
1631 986 1757 1029 misit
1799 999 1921 1042 papa
1963 999 2046 1042 pro

425 1055 766 1111 archiepiscopo
799 1055 1090 1110 Arborensi3)
1125 1058 1167 1098 et
1199 1059 1408 1112 presente
1440 1069 1546 1112 rege
1578 1057 1776 1099 Roberto
1802 1057 1964 1112 petivit
1991 1057 2046 1098 ab

422 1126 539 1182 ipso,
585 1125 624 1168 si
669 1139 722 1168 ex
767 1125 1010 1169 rebellione
1053 1126 1214 1169 iudicis
1258 1127 1462 1169 Arboree
1500 1139 1581 1169 vos
1621 1128 1844 1182 poteratis
1881 1127 2048 1170 habere

422 1196 647 1238 intentum
679 1196 733 1238 de
767 1195 990 1249 Sardinia,
1023 1211 1113 1240 non
1152 1197 1409 1252 exprimens
1449 1197 1691 1253 quicquam
1718 1199 1770 1239 de
1803 1197 2048 1241 rebellione

424 1267 609 1322 seireff)
673 1266 757 1310 Cui
799 1267 918 1310 idem
964 1268 1331 1323 archiepiscopus
1364 1268 1429 1310 sic
1461 1282 1508 1310 se
1551 1268 1722 1311 aseruit
1762 1269 2045 1324 respondise:

422 1338 558 1380 Pater
599 1341 773 1391 sancte,
814 1338 975 1393 inquit,
1009 1339 1104 1380 sine
1137 1339 1382 1381 rebellione
1413 1339 1674 1382 huiusmodi
1704 1353 1784 1381 rex
1816 1339 2048 1395 Aragonie

422 1409 633 1452 habniset
674 1409 880 1451 obtatum
920 1410 973 1451 de
1015 1408 1249 1461 Sardinia,
1298 1409 1585 1453 considerato
1632 1409 1873 1466 magnifico
1908 1423 2047 1466 appa-

422 1484 540 1531 ratu,
575 1493 708 1535 quem
740 1479 859 1521 fecit.
922 1480 1089 1523 Tamen
1128 1484 1318 1536 propter
1350 1481 1518 1523 dictam
1551 1480 1842 1524 rebellionem
1873 1480 2047 1523 nullum

423 1550 609 1592 dubium
655 1553 735 1603 est,
781 1551 901 1605 quod
947 1551 1000 1592 de
1037 1551 1177 1606 plano
1219 1554 1365 1593 totum
1398 1551 1596 1605 habebit,
1637 1564 1864 1607 exponens
1903 1552 2047 1594 eidem

422 1621 606 1663 domino
646 1634 764 1677 pape
804 1621 1089 1664 condiciones
1120 1622 1463 1677 particulariter
1493 1622 1650 1666 insule.
1716 1621 1799 1665 Cui
1830 1635 1951 1678 papa
1983 1622 2048 1665 sic

423 1691 547 1744 dixit,
598 1692 717 1747 quod
766 1691 843 1733 alii
890 1705 979 1734 non
1013 1692 1077 1734 sic
1110 1694 1338 1745 tenebant,
1382 1696 1519 1749 prout
1550 1694 1646 1749 ipse
1680 1693 2045 1749 archiepiscopus

421 1762 660 1804 referebat.
745 1765 785 1804 A
833 1776 920 1818 quo
968 1766 1076 1805 tunc
1122 1777 1243 1819 papa
1290 1764 1453 1819 petivit
1508 1768 1717 1819 presente
1769 1765 1888 1807 dicto
1941 1777 2046 1819 rege

422 1833 634 1886 Roberto,
681 1833 720 1876 si
766 1834 980 1886 crederet,
1027 1835 1149 1890 quod
1193 1848 1274 1877 vos
1318 1835 1612 1878 intenderetis
1652 1838 1694 1877 et
1733 1834 1903 1891 posetis
1938 1834 2046 1876 alibi

421 1907 671 1959 percutere,
716 1917 822 1946 nam
866 1905 1078 1947 dubitant
1122 1905 1276 1961 aliqui,
1325 1907 1445 1962 quod
1489 1919 1610 1962 papa
1651 1909 1695 1948 et
1735 1919 1815 1948 rex
1855 1905 2046 1947 timeant

420 1974 614 2016 multum
653 1975 707 2017 de
743 1975 905 2017 Janua.
970 1974 1053 2018 Cui
1091 1976 1210 2018 idem
1245 1976 1610 2032 archiepiscopus
1643 1976 1891 2032 respondit,
1925 1977 2046 2031 quod

421 2045 544 2087 nullo
578 2046 711 2087 modo
745 2046 971 2099 credebat,
1006 2048 1127 2102 quod
1155 2047 1451 2091 intenderetis
1486 2048 1543 2089 ad
1576 2047 1712 2099 aliud,
1736 2047 1823 2090 nisi
1847 2048 1903 2089 ad
1926 2060 2045 2089 com-

420 2115 633 2171 plendum
689 2116 939 2172 principale
986 2117 1247 2172 negocium,
1304 2118 1425 2173 quod
1467 2117 1669 2173 cepistis3
1725 2118 1791 2159 ita
1836 2118 1956 2173 quod
1998 2117 2045 2158 in

421 2186 644 2239 omnibus,
679 2200 764 2241 que
797 2187 973 2242 regium
1004 2187 1222 2230 honorem
1253 2188 1503 2244 respiciunt
1534 2189 1654 2230 idem
1679 2188 2044 2244 archiepiscopus

421 2270 468 2299 se
517 2256 710 2299 libenter
758 2260 947 2300 exercet.
1011 2258 1203 2300 Videtur
1247 2262 1491 2314 propterea
1540 2259 1698 2311 amico,
1753 2260 1873 2315 quod
1927 2262 2045 2302 esset

422 2327 655 2370 curialitas
701 2328 897 2370 scribere
943 2328 1062 2371 dicto
1107 2329 1463 2385 archiepiscopo,
1514 2329 1633 2385 quia,
1684 2333 1904 2385 quantum
1947 2330 2044 2385 ipse

421 2400 573 2453 potest
606 2411 888 2453 cognoscere,
923 2399 1035 2442 satis
1068 2399 1279 2455 legaliter
1306 2401 1484 2442 xidetur
1506 2414 1553 2443 se
1576 2414 1732 2457 gerere
1755 2400 1801 2443 in
1822 2400 1923 2452 hiis,
1958 2414 2044 2455 que

421 2468 671 2524 respiciunt
703 2469 837 2511 decus
869 2469 1045 2525 regium
1078 2473 1122 2513 et
1154 2470 1466 2526 perfectuin.4)

563 2549 686 2593 Sciat
731 2554 938 2607 preterea
981 2553 1108 2608 regia
1154 2553 1387 2605 celsitudO,
1425 2554 1545 2608 quod
1579 2553 1763 2605 amicus,
1797 2557 2042 2609 postquam

420 2621 591 2664 fecerat
637 2622 832 2677 sigillari
877 2623 1068 2675 litteras,
1118 2636 1231 2679 quas
1283 2624 1331 2665 in
1383 2625 1722 2679 presenciarum
1775 2624 1929 2679 dirigit
1968 2637 2041 2665 ex-

562 2704 591 2747 a)
617 2703 661 2738 So
689 2704 746 2738 Or.
821 2704 849 2747 b)
876 2705 921 2738 Es
947 2704 1034 2749 folgt
1058 2704 1271 2749 iiberfliissig
1298 2708 1346 2741 ut.

565 2822 591 2865 2)
617 2822 740 2855 Dieser
765 2822 940 2855 Aufstand
966 2821 1054 2856 oben
1080 2822 1237 2856 erwahnt
1262 2823 1317 2856 bei
1342 2822 1564 2858 Frankreich.

562 2878 589 2923 3)
614 2880 687 2914 Der
718 2881 769 2914 oft
800 2880 850 2914 als
876 2880 1058 2914 Vertreter
1095 2881 1157 2915 der
1188 2881 1477 2926 aragonesischen
1501 2881 1611 2916 Sache
1649 2880 1720 2914 und
1757 2879 1806 2914 als
1838 2879 2042 2915 Vermittler

421 2942 575 2983 genannt
599 2939 701 2972 wird:
729 2938 838 2973 Guido
865 2939 937 2974 ord.
964 2939 1086 2974 Praed.

562 2997 592 3042 4)
619 2998 665 3031 Es
691 2998 814 3031 finden
839 2997 911 3032 sich
939 2998 1163 3033 formelhafte
1188 2999 1410 3033 Dankbriefe.
