2296 3512
862 273 1181 314 —853—

215 404 311 444 534.
344 403 504 457 Jayme
536 402 602 443 II.
636 414 693 443 an
724 400 924 444 Bischof
949 400 1120 443 Petrus
1152 413 1239 444 von
1272 400 1546 455 Saragossa:
1581 400 1827 451 Gertichte,

212 467 316 509 dass
348 466 431 508 der
461 467 763 508 verstorbene
793 465 1029 508 Johannes
1056 465 1112 507 de
1139 465 1340 508 Abbacia
1364 466 1473 508 kein
1499 465 1727 508 Katholik
1754 476 1828 518 ge-

211 542 385 582 wesen3
427 530 519 573 soll
560 531 648 572 den
686 530 950 582 Inquisitor
986 530 1221 573 ‚Iohannes
1260 530 1315 573 de
1352 531 1576 584 Lotgerio
1616 531 1706 572 mit
1745 530 1830 572 der

211 595 570 648 Untersuchung
601 594 908 647 beauftragen
940 594 1034 636 und
1057 594 1137 636 fiir
1158 595 1483 637 Konfiskation
1515 595 1666 638 seines
1687 594 1828 637 Nach-

595 660 740 701 lasses
773 670 957 712 sorgen.
1020 658 1130 701 1317
1165 659 1364 701 October
1398 660 1437 701 7.

348 730 547 772 Jacobus
581 732 663 772 etc.
711 728 959 771 venerabili
1004 729 1050 771 in
1099 727 1280 772 Christo
1327 729 1449 784 patri
1496 730 1628 773 Petro
1676 729 1829 772 divina

209 800 500 857 providencia
532 799 930 855 Cesaraugustano
965 799 1176 855 episcopo
1210 799 1403 842 salutem
1452 803 1494 842 et
1528 799 1827 842 dilectionem.

210 870 321 914 Cum
353 884 443 913 non
476 870 700 926 expediat,
735 871 855 926 quod
887 883 969 912 nos
1002 883 1084 912 nec
1116 883 1197 912 vos
1231 883 1297 923 ea,
1331 884 1416 925 que
1448 871 1752 913 intelleximus
1785 873 1830 913 et

208 941 466 983 referuntur
506 942 560 983 de
600 941 722 984 sacto
762 940 984 983 Johannis
1024 942 1076 983 de
1108 940 1314 983 Abbacia
1347 942 1589 996 quondam,
1623 941 1830 983 videlicet

208 1013 327 1068 quod
364 1025 454 1054 non
488 1014 586 1054 erat
616 1025 750 1054 verus
784 1011 1046 1064 catholicus,
1078 1011 1357 1067 pertransire
1390 1011 1557 1054 occulis
1590 1011 1828 1053 conniven—

206 1082 327 1125 tibus
359 1081 677 1138 permitamus:
712 1095 764 1124 ea
785 1084 976 1137 propter
997 1082 1144 1125 visum
1178 1085 1246 1125 est
1268 1082 1413 1135 nobis,
1441 1083 1561 1137 quod
1583 1095 1663 1124 vos
1687 1081 1827 1123 omni·

205 1153 335 1195 mode
375 1153 556 1194 mittere
598 1153 800 1195 debeatis
840 1166 925 1208 pro
966 1153 1180 1208 religioso
1220 1153 1362 1195 fratre
1398 1153 1605 1194 Johanne
1638 1153 1691 1194 de
1722 1152 1828 1193 Lot-

205 1223 330 1278 gerio
375 1223 644 1278 inquisitore
688 1223 991 1266 hereticorum
1034 1223 1080 1265 in
1124 1223 1360 1279 provincia
1396 1223 1644 1278 Aragonia,
1682 1225 1733 1264 ut
1772 1223 1829 1264 ad

205 1294 354 1349 ipsam
390 1294 619 1336 civitatem
650 1292 1034 1350 Cesaraugustam
1068 1295 1264 1336 accedat.
1318 1294 1376 1336 Et
1408 1307 1507 1336 cum
1540 1292 1652 1335 inibi
1678 1292 1827 1345 fuerit,

204 1365 406 1420 inquirat
450 1365 691 1419 diligenter
740 1378 876 1420 super
922 1365 1015 1407 vita
1068 1365 1213 1421 ipsius
1256 1365 1478 1407 Johannis
1517 1365 1570 1406 de
1610 1363 1826 1406 Abbacia.

207 1436 323 1477 Nam
369 1450 422 1478 ex
466 1435 568 1491 ipsa
611 1435 909 1491 inquisicione
955 1443 998 1477 et
1044 1436 1342 1491 indagacione
1390 1435 1546 1478 forsan
1589 1434 1742 1490 aliqua
1781 1434 1827 1476 in

204 1507 349 1548 lucem
389 1507 671 1562 provenient,
714 1520 799 1561 que
839 1519 958 1548 nunc
991 1507 1198 1549 occulata
1232 1509 1274 1549 et
1305 1507 1464 1562 ignota
1496 1506 1708 1558 existunt,
1743 1519 1829 1560 que

204 1577 353 1619 forent
394 1591 420 1618 a
461 1591 600 1632 regno
644 1577 862 1619 radicitus
905 1577 1188 1632 extirpanda.
1251 1577 1444 1632 Insuper
1487 1577 1636 1628 etiam,
1679 1579 1729 1618 ut
1760 1576 1826 1618 in-

204 1648 443 1690 veniantur
488 1649 606 1690 bona
643 1647 787 1703 ipsius
830 1647 1068 1701 Johannis,
1113 1647 1293 1691 faciatis
1341 1648 1387 1689 in
1435 1647 1635 1690 ecclesiis
1682 1647 1828 1702 ipsius

205 1718 403 1761 civitatis
437 1722 481 1761 et
512 1718 617 1761 ville
649 1719 826 1761 Daroce
860 1719 1134 1771 denunciari,
1184 1719 1304 1774 quod
1339 1719 1593 1774 quicunque
1619 1721 1829 1760 teneatur

203 1789 496 1832 manifestare
537 1790 657 1831 bona
696 1790 743 1831 in
784 1802 918 1845 posse
960 1790 1055 1832 eius
1097 1789 1356 1840 existencia,
1400 1803 1485 1844 que
1516 1788 1685 1830 fuerint
1717 1788 1826 1830 dicti

202 1859 423 1902 Johannis
456 1861 509 1903 de
533 1861 736 1902 Abbacia
769 1860 891 1902 infra
914 1863 1087 1902 certum
1120 1864 1299 1916 tempus
1332 1861 1395 1903 eis
1422 1874 1504 1915 per
1534 1873 1615 1902 vos
1648 1859 1693 1900 in
1724 1858 1827 1915 ipsa

205 1931 551 1974 denunciacione
584 1931 909 1988 prefigendum,
944 1931 1058 1974 alias
1092 1932 1226 1987 quod,
1259 1931 1297 1974 si
1325 1931 1415 1986 ipsi
1437 1929 1629 1972 termino
1655 1929 1826 1985 prefixo

205 2014 257 2043 ea
303 2014 393 2043 non
441 2002 824 2055 denunciaverint,
887 2002 1347 2045 excommunicacioni
1393 2001 1658 2044 subiaceant
1706 2035 1714 2042 .
1760 2034 1766 2041 .
1815 2034 1823 2041 .

202 2073 261 2114 Et
301 2072 366 2115 sic
398 2073 451 2114 de
495 2073 682 2128 negocio
724 2073 869 2129 ipsius
899 2073 1122 2116 Johannis
1155 2075 1420 2128 sequeretur
1450 2071 1634 2114 iusticia
1667 2074 1711 2113 et
1742 2083 1825 2113 nos

204 2146 247 2185 et
278 2155 359 2185 vos
406 2143 636 2185 reddimus
683 2148 890 2186 nostrum
929 2144 1130 2186 debitum
1174 2157 1310 2200 super
1343 2156 1393 2185 eo
1429 2177 1437 2184 .
1471 2177 1479 2184 .
1515 2177 1523 2184 .
1589 2142 1690 2184 Dat.
1727 2176 1734 2183 .
1772 2175 1778 2181 .
1816 2175 1824 2183 .

204 2214 286 2256 sub
321 2213 471 2269 sigillo
504 2216 661 2257 nostro
695 2217 883 2267 secreto,
917 2215 1102 2257 absente
1130 2214 1416 2266 cancellaria,
1448 2226 1592 2255 nonas
1615 2212 1825 2256 Octobris

203 2297 319 2326 anno
353 2284 523 2326 domini
555 2283 898 2327 MOCCCOXVH.

343 2354 425 2398 Reg.
445 2353 516 2387 234
542 2354 566 2388 f.
593 2354 675 2389 83V.
701 2354 747 2388 ist
772 2355 828 2388 ein
845 2355 996 2398 Auftrag
1020 2365 1064 2388 an
1089 2354 1214 2389 dilecto
1240 2365 1300 2389 suo
1318 2354 1468 2389 Johanni
1494 2353 1536 2388 de
1561 2352 1715 2387 Abbacia
1739 2352 1825 2386 iuris

202 2413 311 2456 perito
337 2412 634 2456 Cesaraugustano
660 2413 789 2457 (1303).

201 2522 299 2562 535.
342 2519 624 2562 Erzbischof
669 2520 917 2562 Eximinus
968 2532 1057 2563 von
1108 2521 1377 2574 Tarragona
1423 2533 1481 2562 an
1527 2521 1689 2575 Jayme
1734 2520 1822 2561 II.:

199 2584 432 2639 Empfang
463 2584 542 2626 des
574 2583 877 2638 koniglichen
898 2585 1084 2627 Briefes
1109 2586 1229 2628 betr.
1255 2585 1566 2639 Ausffihrung
1592 2584 1675 2626 der
1699 2584 1823 2626 Kon-

200 2650 444 2692 stitution:
478 2649 549 2691 Ad
580 2649 944 2702 reformandam,
983 2661 1131 2703 gegen
1163 2651 1239 2692 (lie
1270 2650 1617 2692 verheirateten
1648 2648 1742 2691 und
1773 2650 1823 2690 in

200 2715 461 2757 minoribus
498 2714 724 2756 lebenden
756 2714 994 2766 Kleriker,
1032 2715 1242 2757 Hinwe-is
1284 2714 1370 2757 auf
1397 2715 1473 2756 die
1506 2713 1823 2756 namentliche

198 2780 416 2830 Moniti03
451 2777 704 2821 Schreiben
742 2791 801 2820 an
838 2778 914 2820 die
945 2776 1248 2832 suffragrane
1285 2780 1406 2821 betr.
1446 2780 1636 2832 strenge
1668 2777 1821 2820 Hand-

199 2845 407 2898 habung3
441 2843 859 2897 Bereitwilligkeit
889 2844 1079 2886 weitere
1111 2844 1479 2897 Verordnungen
1512 2856 1567 2885 zu
1599 2843 1821 2885 erlassen.

766 2907 878 2949 1318
912 2906 1185 2962 September
1217 2908 1258 2950 7.

340 2979 477 3034 Regie
522 2978 801 3021 celsitudinis
841 2977 1093 3033 recepimus
1133 2977 1312 3021 litteras
1354 2978 1647 3030 continenteS,
1688 2977 1819 3032 quod,

201 3062 299 3091 cum
332 3063 414 3092 nos
446 3049 493 3091 in
536 3048 805 3104 provinciali
839 3048 1047 3101 concilio,
1097 3050 1216 3104 quod
1256 3063 1400 3104 nuper
1424 3048 1676 3090 Terracone
1708 3046 1819 3088 cele-
