2296 3512
1000 286 1314 326 -716—

351 415 592 457 efficaciter
633 414 883 466 adjuvaret,
928 413 1134 455 cautione
1173 412 1437 468 supradicta
1469 415 1723 455 castrorum
1755 411 1974 468 primitus-

349 485 437 528 sibi
470 486 589 527 data.
654 483 870 527 Concedit
914 483 1050 525 etiam
1094 483 1213 525 inter
1257 483 1361 535 alia,
1408 483 1540 538 quod,
1583 483 1622 526 si
1662 482 1892 525 videretur
1924 484 1967 523 et

348 555 548 612 placeret
580 555 708 597 vobis
742 555 781 597 ei
823 554 1065 596 concedere
1103 554 1173 596 ius
1207 553 1413 596 Sardinie
1447 556 1490 595 et
1522 552 1716 605 Corsice,
1751 566 1836 609 que
1870 552 1966 608 qui-

348 627 449 668 dem
497 626 735 681 adquirere
783 638 834 666 ac
883 624 1111 680 adquisita
1157 624 1351 666 retinere
1403 623 1566 666 dificile
1617 624 1814 666 videtur:
1867 625 1965 665 tum

346 699 535 753 propter
576 696 950 739 communitatum
992 694 1258 750 potentiam,
1297 698 1393 737 tum
1427 695 1563 736 etiam
1595 698 1784 750 propter
1816 692 1966 736 condi-

348 767 521 809 cionem
562 769 682 809 terre
723 780 813 809 non
855 780 1028 819 sanam,
1070 766 1167 821 ipse
1204 765 1398 807 libenter
1430 765 1692 820 adquireret
1722 777 1805 820 pro
1839 763 1966 806 vobis

346 837 417 880 vel
455 850 544 879 uno
584 836 780 879 filiorum
820 840 1075 880 vestrorum
1114 837 1298 892 aliquod
1329 850 1519 891 regnum
1550 835 1595 877 in
1627 834 1863 887 Romania,
1896 833 1968 876 vel

348 908 484 950 etiam
513 908 640 961 illud,
668 921 751 964 pro
781 921 868 964 quo
892 922 964 950 me
986 907 1189 959 misistis,
1214 907 1284 949 vel
1306 909 1672 962 reconqjensaret
1693 907 1739 948 in
1761 905 1966 961 pecunia,

346 979 590 1021 secundum
624 980 744 1034 quod
777 978 1045 1021 conveniens
1077 978 1320 1029 videretur,
1354 977 1419 1019 ita
1451 981 1616 1029 tamen,
1651 977 1771 1032 quod
1797 976 1975 1018 tradito

344 1063 484 1105 regno
531 1048 739 1091 Sardinie
786 1052 830 1091 et
869 1047 1050 1092 Corsice
1096 1048 1277 1090 domino
1333 1047 1431 1103 regi
1474 1047 1713 1089 Frederico
1756 1047 1829 1088 vel
1873 1046 1966 1088 eius

345 1120 469 1172 filiis,
517 1121 636 1175 quod
683 1123 870 1174 propter
915 1119 1315 1174 propinquitatem,
1364 1131 1501 1173 quam
1532 1118 1670 1159 habet
1702 1131 1802 1159 cum
1835 1115 1968 1158 Cata-

344 1190 487 1242 lonia,
535 1194 654 1233 esset
692 1190 779 1232 sibi
818 1190 1009 1232 forsitan
1049 1190 1196 1245 magis
1244 1191 1446 1244 gratum,
1494 1188 1644 1231 insula
1684 1186 1834 1230 Sicilie
1882 1187 1968 1229 sibi

344 1261 486 1303 libere
519 1262 795 1303 redderetur.
858 1261 916 1302 Et
950 1261 1069 1315 quod
1102 1273 1237 1314 super
1268 1260 1352 1301 hoc
1383 1260 1660 1301 haberentur
1693 1259 1806 1300 bone
1828 1257 1969 1300 firmi-

344 1335 463 1375 tates
504 1346 557 1373 ex
601 1334 732 1386 parte
770 1331 1026 1386 utriusque,
1071 1335 1121 1372 ut
1168 1330 1529 1372 iuramentorum
1569 1333 1612 1371 et
1651 1329 1969 1385 homagiorum

342 1403 547 1458 ipsorum
590 1406 632 1444 et
673 1403 878 1444 aliorum.
947 1402 1005 1443 Et
1047 1402 1085 1444 si
1123 1401 1293 1443 faceret
1332 1403 1490 1443 contra
1527 1404 1675 1455 pacta,
1715 1401 1835 1455 quod
1873 1403 1968 1441 tam

343 1487 423 1516 vos
472 1487 609 1529 quam
656 1473 864 1515 dominus
908 1472 1058 1515 infans
1103 1472 1302 1514 Jacobus
1348 1475 1390 1513 et
1428 1473 1623 1514 barones
1661 1471 1790 1526 regni
1830 1469 1969 1513 vestri

345 1558 396 1586 ac
428 1544 634 1586 civitates
669 1544 883 1585 deberent
913 1556 1010 1586 esse
1046 1546 1201 1585 contra
1227 1542 1457 1584 dominum
1490 1555 1643 1597 regem
1666 1541 1966 1584 Fredericum.

342 1616 400 1657 Et
435 1615 633 1669 insuper,
682 1615 801 1669 quod
834 1627 914 1656 vos
946 1615 1161 1656 teneretis
1195 1614 1349 1668 aliqua
1386 1613 1486 1654 loca
1519 1613 1612 1656 sive
1645 1615 1797 1655 castra
1819 1611 1976 1654 Sicilie-

342 1699 426 1740 pro
460 1685 719 1728 huiusmodi
753 1684 1067 1739 adimplendis.

482 1779 705 1822 Dominus
752 1792 930 1835 quoque
984 1793 1063 1821 rex
1108 1779 1371 1821 Fredericus
1424 1792 1514 1821 non
1555 1777 1653 1820 vult
1700 1777 1967 1829 consentire,

343 1851 462 1906 quod
494 1849 577 1891 filii
619 1850 691 1892 3111
724 1853 929 1891 tenerent
961 1849 1157 1892 insulam
1198 1863 1281 1905 pro
1315 1849 1496 1891 domino
1529 1862 1634 1904 rege
1666 1848 1865 1890 Roberto
1897 1846 1969 1889 vel

342 1921 450 1972 suis,
497 1921 614 1963 sicut
645 1934 834 1976 regnum
867 1920 1190 1963 Maioricarum
1223 1923 1403 1962 tenetur
1434 1933 1517 1975 pro
1549 1933 1654 1974 rege
1688 1921 1967 1974 Aragonum,

341 2005 422 2033 nec
454 1991 545 2033 ullo
591 1991 680 2034 alio
724 1992 857 2034 modo
901 1991 1195 2043 senior-itatis,
1238 1994 1307 2033 set
1344 1992 1456 2032 bene
1496 1990 1770 2032 consentiret
1801 1990 1976 2031 habere

342 2066 546 2104 mutuam
587 2062 849 2105 societatem
884 2062 1151 2115 adinvicem,
1186 2063 1306 2117 quod
1346 2064 1534 2117 excepta
1567 2061 1755 2104 ecclesia
1788 2063 1831 2102 et
1863 2073 1969 2115 rege

342 2134 608 2188 Aragonum
649 2133 781 2175 ambo
821 2135 972 2175 essent
1005 2136 1164 2175 contra
1197 2145 1508 2188 quemcunque
1553 2131 1690 2173 alium
1735 2134 1778 2173 et
1809 2134 1966 2173 mutuo

342 2217 388 2247 se
426 2203 647 2246 iuvarent.
712 2204 806 2245 Rex
848 2204 985 2245 etiam
1026 2204 1252 2246 Robertus
1294 2217 1384 2245 non
1428 2202 1665 2255 consentit,
1707 2203 1827 2258 quod
1867 2215 1969 2244 cum

342 2273 601 2317 condicione
635 2274 771 2316 etiam
804 2274 1103 2317 subieccionis
1136 2274 1353 2329 imposita
1383 2273 1490 2316 filiis
1524 2273 1694 2315 domini
1716 2273 1838 2328 regis
1861 2272 1967 2315 Fre-

344 2345 483 2387 derici
522 2344 671 2387 insula
704 2345 1044 2401 quomodolibet
1075 2348 1345 2387 remaneret.
1409 2345 1459 2385 In
1490 2343 1782 2386 matrimonio
1816 2346 1969 2385 autem

342 2415 427 2457 filii
455 2418 498 2457 et
519 2415 623 2467 filie,
659 2429 757 2457 cum
781 2416 1124 2472 dispensacione
1147 2415 1346 2467 ecclesie,
1375 2416 1501 2467 satis,
1534 2418 1585 2456 ut
1607 2414 1750 2467 video,
1784 2427 1969 2456 concor-

341 2487 513 2528 darent.
577 2486 676 2528 Hoc
728 2486 844 2528 sciat
897 2490 1045 2529 vestre
1099 2486 1365 2528 excellentia
1417 2485 1686 2538 maiestatis,
1741 2485 1875 2540 quod,
1929 2483 1969 2526 si

340 2570 540 2612 unquam
583 2556 671 2599 fuit
715 2560 895 2613 tempus
941 2557 1209 2600 conveniens
1257 2557 1313 2599 ad
1357 2570 1530 2612 pacem,
1571 2557 1707 2599 modo
1750 2558 1830 2608 est,
1869 2557 1965 2596 tum

342 2627 446 2683 quia
485 2630 675 2682 uterque
718 2641 771 2669 ex
805 2641 972 2683 guerra
1006 2631 1073 2671 est
1104 2628 1297 2670 multum
1331 2626 1695 2682 dampnificatus,
1728 2629 1826 2668 tum
1860 2624 1965 2680 quia

340 2701 528 2754 propter
570 2702 755 2740 eventus
799 2698 996 2741 incertos
1036 2712 1153 2754 pape
1197 2701 1240 2740 et
1280 2697 1574 2753 imperatoris
1613 2700 1657 2739 et
1690 2697 1843 2752 aliqua
1876 2695 1966 2736 alia

338 2768 576 2824 negocium
617 2769 931 2824 contingencia
962 2783 1052 2812 non
1084 2772 1237 2824 potest
1269 2769 1376 2812 sciri
1409 2768 1801 2819 certitudinaliter,
1836 2765 1966 2808 cuius

341 2838 541 2882 condicio
584 2839 744 2881 melior
783 2839 842 2882 sit
882 2839 1051 2881 futura.
1113 2840 1172 2881 Et
1205 2839 1311 2882 talis
1355 2852 1478 2894 papa
1516 2842 1672 2894 posset
1704 2837 1862 2889 creari,
1896 2829 1970 2878 vel

339 2909 494 2951 taliter
538 2909 788 2964 imperator
833 2923 880 2953 se
924 2912 1081 2966 posset
1125 2910 1306 2962 habere,
1352 2923 1440 2965 quo
1488 2923 1604 2952 unus
1650 2921 1787 2964 super
1828 2907 1967 2950 alium

338 2980 569 3022 videretur
609 2980 776 3021 habere
817 2993 1031 3035 magnum
1076 2980 1385 3035 avantagium,
1427 2983 1616 3035 propter
1654 2979 1774 3034 quod
1811 2980 1967 3034 posset

344 3051 400 3092 ad
444 3063 602 3106 pacem
644 3049 854 3092 dificilius
891 3050 1114 3092 inclinari.
1189 3050 1381 3105 Propter
1413 3051 1546 3105 quod,
1592 3049 1972 3091 excellentissime
