2296 3512
907 287 1226 327 —901—

258 418 504 463 Romancio
545 418 591 459 in
629 417 854 459 Latinum.
918 415 991 456 Ad
1025 414 1144 469 quod
1179 413 1357 468 quidem
1390 411 1653 466 religiosum
1686 409 1876 450 fratrem

260 490 486 533 Simonem
519 490 573 530 de
604 488 743 530 Podio
777 485 1013 528 Gerritano
1047 483 1218 526 ordinis
1253 486 1295 525 et
1334 485 1579 525 conventus
1611 480 1766 532 vestri,
1801 478 1877 534 qui

260 575 339 617 per
380 560 562 614 aliquod
603 561 781 613 tempus
814 556 900 598 fuit
931 555 1021 596 iam
1055 554 1244 597 scolaris
1277 554 1419 609 ipsius
1452 550 1736 609 R[aimundi]‚
1772 550 1876 592 sufi-

260 632 448 674 cientem
491 632 535 671 et
574 630 797 684 ydoneum
830 629 1061 682 reputans7
1095 624 1360 680 postulavit,
1393 627 1443 665 ut
1476 624 1597 678 apud
1629 636 1708 664 vos
1742 634 1878 676 super

258 702 342 743 hoc
373 700 650 742 intercedere
689 698 966 747 deberemus,
1001 710 1101 737 cum
1134 695 1243 737 dicti
1274 694 1433 736 fratris
1466 693 1663 736 Simonis
1696 705 1877 747 presen-

260 772 328 814 cia
372 770 459 814 sibi
502 784 585 826 pro
629 768 864 825 premissis
910 767 1105 809 multum
1150 765 1405 807 necessaria
1445 764 1504 806 sit
1543 768 1585 805 et
1624 763 1747 805 utilis
1781 775 1878 804 esse
1938 790 1946 795 -

258 842 405 898 possit
445 845 539 883 tam
580 854 662 896 pro
703 839 986 887 adiseendaa)
1021 837 1142 879 dicta
1175 839 1271 878 arte
1305 835 1480 877 consilii
1516 838 1558 876 et
1590 834 1632 875 in
1668 846 1879 888 regressu

260 912 361 955 aliis
394 912 595 954 docenda
629 924 764 966 quam
798 909 1055 962 aferendoa)
1091 909 1147 949 ad
1180 920 1261 948 nos
1295 909 1339 948 et
1372 906 1427 947 ad
1450 908 1605 961 partes
1628 905 1741 946 istas
1765 916 1878 958 opus

258 983 479 1025 librorum
528 981 848 1037 predictorum.
927 979 1151 1031 Quocirca
1199 976 1465 1020 discrecioni
1514 978 1660 1017 vestre
1709 977 1878 1016 attente

260 1053 464 1096 ducimus
498 1052 844 1108 deprecandum,
879 1052 1101 1105 quatenus
1129 1048 1426 1091 consideratis
1449 1046 1684 1102 premissis
1707 1058 1879 1087 necnon

259 1124 419 1166 harum
453 1137 638 1179 precum
671 1125 930 1164 nostrarum
965 1121 1151 1163 obtentu
1184 1120 1276 1161 iam
1309 1119 1478 1161 dictum
1512 1117 1705 1159 fratrum
1736 1115 1879 1158 Simo-

260 1209 367 1237 num
401 1195 458 1236 ad
491 1194 661 1236 dictum
694 1193 997 1235 Raimundum
1030 1191 1148 1232 Lnlli
1181 1192 1238 1232 ad
1270 1189 1498 1245 predictas
1530 1190 1685 1243 partes
1708 1186 1880 1229 Tunicii

260 1279 340 1321 pro
375 1265 655 1321 explicandis
688 1263 904 1319 predictis
937 1262 1143 1318 protinus
1167 1261 1395 1303 destinare
1421 1259 1582 1311 velitis,
1607 1258 1880 1313 iniungendo

262 1336 361 1388 sibi,
396 1339 445 1377 ut
478 1335 598 1377 circa
630 1348 695 1383 ea„
730 1336 866 1389 prout
899 1332 1165 1375 discrecioni
1198 1346 1276 1374 sue
1310 1332 1419 1372 bene
1452 1329 1673 1385 congruit,
1707 1342 1755 1371 se
1781 1327 1880 1370 dili-

262 1409 419 1462 genter
463 1407 630 1448 habeat
675 1408 717 1447 et
763 1404 958 1447 sollicito
1004 1403 1154 1445 studio
1199 1402 1356 1457 vigilet
1401 1415 1452 1443 ac
1496 1401 1713 1442 intendat.
1782 1398 1883 1440 Erit

262 1478 428 1533 quippe
467 1478 551 1519 hoc
583 1475 752 1518 nostris
787 1474 1022 1516 affectibus
1055 1473 1284 1529 placidum
1318 1475 1453 1528 atque
1487 1473 1680 1526 gratum.
1744 1469 1881 1511 Volu-

261 1562 361 1591 mus
403 1552 569 1599 tamen,
613 1547 731 1602 quod
773 1545 919 1587 dictus
964 1544 1103 1586 frater
1144 1543 1299 1586 Simon
1342 1547 1445 1585 ante
1485 1555 1711 1584 recessum
1751 1553 1882 1583 suum

262 1619 412 1661 videat
446 1632 492 1661 se
524 1617 770 1660 nobiscum.
845 1617 936 1658 Nos
985 1616 1102 1657 enim
1149 1615 1327 1657 litteras
1375 1616 1556 1656 nostras
1606 1612 1644 1654 ei
1692 1611 1790 1653 fieri
1839 1613 1882 1652 et

263 1689 381 1731 tradi
415 1688 731 1731 mandabimus
764 1700 900 1742 snper
933 1687 1052 1728 dicto
1085 1686 1272 1741 negocio
1307 1687 1569 1740 oportunas.
1635 1683 1737 1724 Dat.
1772 1683 1882 1724 Bar-

264 1761 454 1802 chinone
486 1773 628 1801 nonas
663 1758 859 1813 Augusti
892 1771 1008 1799 anno
1043 1756 1212 1799 domini
1246 1754 1503 1798 MCCCXV.

403 1842 487 1885 Reg.
514 1841 582 1874 242
609 1841 634 1877 1.
659 1840 728 1875 203
740 1848 768 1874 V.

266 1999 361 2038 579.
381 1997 408 2040 J
412 2008 540 2051 ayme
562 1997 628 2037 Il.
651 2008 709 2037 an
731 1994 1127 2037 Ordensminister
1147 1993 1349 2035 Ronieus
1372 1991 1564 2034 Orticii:
1598 1989 1883 2041 Mitteilung,

264 2067 368 2109 (lass
409 2067 587 2109 Ramon
619 2066 726 2108 Lull
769 2066 817 2107 in
857 2065 1000 2106 Tunis
1044 2064 1096 2106 15
1138 2064 1322 2106 Bucher
1365 2064 1481 2104 iiber
1523 2060 1884 2115 Disputationen

264 2138 480 2191 gemacht
511 2137 601 2179 und
626 2149 704 2178 um
728 2138 887 2178 seinen
910 2134 1106 2178 Schi‘ller
1128 2134 1189 2176 fr.
1218 2134 1377 2177 Simon
1410 2133 1465 2175 (le
1501 2132 1644 2175 Podio
1667 2130 1884 2173 Cel-itane

263 2209 421 2261 bittet,
474 2207 557 2249 der
612 2209 681 2249 sie
736 2219 817 2249 aus
873 2206 976 2248 dem
1022 2206 1200 2259 Vulgar
1264 2207 1337 2247 ins
1392 2205 1558 2246 Latein
1611 2202 1885 2244 iibersetzen

264 2279 374 2328 soll;
410 2279 466 2320 da
498 2278 651 2320 dieser
682 2290 772 2319 nur
803 2277 888 2319 auf
915 2277 1305 2319 ausdrucklichen
1336 2275 1505 2318 Befehl
1539 2274 1616 2316 (les
1646 2273 1884 2315 Ministers

265 2351 415 2403 gehen
448 2349 559 2401 will,
594 2349 736 2390 bittet
768 2348 850 2390 (ler
881 2347 1038 2400 Kiinig
1082 2347 1245 2389 darum
1283 2348 1422 2388 sowie
1460 2359 1539 2387 um
1571 2344 1886 2398 Empfehlung

265 2434 322 2462 an
371 2420 458 2462 (len
505 2419 1076 2472 Franciskanerguardian
1130 2419 1177 2459 in
1224 2418 1382 2459 Tunis.
1465 2416 1724 2458 Barcelona
1772 2413 1883 2455 1315

920 2489 1118 2531 October
1151 2488 1221 2530 29.
1552 2490 1555 2491 ’

405 2584 603 2626 zIacobus
638 2586 718 2625 etc.
752 2583 1000 2624 venerabili
1034 2586 1077 2624 et
1108 2582 1321 2637 religioso
1356 2581 1488 2623 fratri
1522 2581 1691 2623 Romeo
1725 2578 1885 2621 Orticii

265 2656 474 2698 ministro
506 2655 700 2696 fratrum
725 2654 950 2696 Minorum
984 2654 1028 2694 in
1061 2654 1292 2708 provincia
1320 2652 1551 2707 Aragonia
1585 2652 1776 2692 salutem
1803 2654 1883 2691 etc.

267 2726 391 2769 Scire
436 2739 516 2768 vos
560 2725 769 2767 wlumus
813 2738 895 2766 nos
940 2724 1139 2765 litteram
1184 2724 1407 2779 recepisse
1455 2737 1479 2764 a
1525 2723 1719 2763 discreto
1766 2720 1885 2776 mai-

266 2797 450 2850 mundo]
496 2796 614 2837 Lulli
661 2796 705 2837 in
751 2795 960 2850 partibus
1005 2795 1176 2836 'sunicii
1222 2809 1339 2836 1111110
1385 2794 1581 2848 agentis,
1626 2807 1706 2847 pel·
1750 2805 1885 2846 quam

266 2867 540 2922 significavit
584 2867 712 2909 lw'ois
759 2880 817 2915 se,
865 2880 917 2907 ex
965 2880 1051 2920 quo
1098 2865 1181 2906 fuit
1226 2865 1412 2915 Tunicii,
1457 2864 1711 2919 quindecim
1745 2863 1886 2904 libros

267 2938 520 2981 condidisse
554 2951 689 2992 super
722 2937 992 2992 quibusdam
1027 2935 1436 2990 disputas-mnibus‚
1472 2947 1584 2989 quas
1618 2934 1753 2975 habet
1786 2946 1886 2974 011111

268 3008 544 3060 Sarracenis7
579 3011 622 3049 et
654 3022 735 3063 per
763 3020 896 3062 quam
922 3006 1195 3061 supplicavit
1217 3006 1362 3059 nobis,
1386 3009 1448 3057 ut,
1473 3019 1570 3047 cum
1596 3019 1684 3047 non
1707 3004 1885 3053 habeat,

336 3078 388 3105 57³
408 3079 436 3119 a)
463 3079 506 3112 So
533 3078 615 3122 Reg.
