2296 3512
865 254 918 259 —
984 229 1066 269 6453
1133 253 1185 258 ——

220 364 423 420 possunt,
457 360 693 414 bre[viter]
735 358 1049 413 respondetur,
1083 357 1203 411 quod
1236 356 1442 398 dominus
1474 368 1595 412 papa
1626 354 1713 396 sibi
1745 367 1838 395 non

222 433 361 477 sumit
394 431 642 474 dominium
675 429 857 471 illarum
889 441 1054 477 rerum,
1090 426 1251 481 quibus
1289 426 1456 469 fratres
1488 439 1541 467 ex
1574 425 1741 467 virtute
1772 437 1840 465 re-

222 502 324 559 gule
366 502 432 544 uti
473 515 562 543 non
607 501 811 556 possunt,
857 500 908 540 ut
952 500 1063 552 puta
1104 497 1316 552 peccunie
1360 500 1402 539 et
1440 510 1589 538 rernm
1624 495 1840 546 omnium,

223 587 307 629 que
347 572 642 627 accipiuntur,
684 573 735 612 ut
774 569 1028 611 vendantur
1058 568 1130 609 vel
1172 567 1323 623 precio
1365 567 1692 618 distrahantur,
1726 565 1843 608 sicut

222 643 437 687 Nicolaus
484 655 606 697 papa
638 641 799 683 tertius
831 640 877 681 in
913 638 1230 689 declaratione,
1265 651 1400 693 quam
1435 638 1573 679 edidit
1605 650 1742 692 super
1774 649 1843 677 re-

222 714 377 770 gulam
409 716 627 763 nostram,
664 710 854 766 [aperte]
890 710 1190 761 demonstrat,
1239 711 1307 750 set
1338 708 1521 750 illarum
1554 707 1712 759 solum,
1747 705 1843 761 qui-

221 786 304 827 bus
337 784 503 826 fratres
535 783 657 824 licite
689 782 756 824 uti
788 783 992 837 possunt,
1037 793 1126 822 non
1169 779 1226 821 ad
1259 778 1437 834 copiam
1478 779 1548 820 vel
1579 778 1843 819 habundan-

222 856 333 898 tiam
366 854 437 896 vel
469 853 858 896 thesaurationem
883 865 965 893 nec
988 851 1071 894 sub
1096 850 1244 892 colore
1266 849 1555 905 providencie
1576 849 1621 889 in
1643 848 1846 889 futurum

223 940 304 968 nec
351 925 578 980 aliquibus
598 958 607 976 ,
673 937 727 965 ex
780 922 943 978 quibus
1001 920 1168 962 fratres
1221 920 1457 975 priventur
1518 918 1847 973 ob[ser]vantia

222 996 436 1053 pauperis
470 1008 578 1038 usus
610 1008 785 1045 rernm,
825 1006 910 1048 que
942 994 1173 1048 ponuntur
1194 991 1240 1032 in
1262 989 1433 1046 regula.
1486 989 1601 1030 Item
1636 988 1848 1044 peccunia

225 1068 438 1109 debemus
456 1080 545 1108 non
564 1066 709 1108 solum
724 1064 1005 1120 proprietate
1029 1065 1097 1106 set
1120 1065 1344 1113 contactu,
1368 1074 1453 1102 usu
1469 1059 1536 1101 vel
1560 1059 1847 1101 administra-

224 1138 346 1181 tione
361 1137 616 1180 omnimode
635 1135 857 1192 [carere?].
881 1134 949 1175 Ex
974 1146 1061 1189 qno
1082 1132 1381 1189 [peccunia]m
1397 1130 1595 1186 recipere
1612 1143 1694 1171 nec
1710 1128 1850 1184 recipi

223 1209 376 1252 facere
408 1221 489 1264 per
522 1221 603 1250 nos
630 1207 701 1249 vel
725 1206 877 1257 alium,
906 1206 1129 1261 deponere
1151 1204 1223 1245 vel
1246 1202 1409 1259 deponi
1431 1202 1579 1243 facere
1601 1200 1693 1243 ullo
1715 1201 1849 1241 modo

225 1281 451 1323 debemus.
516 1279 711 1334 Ideoque
745 1291 771 1319 a
802 1275 1020 1332 predictis
1046 1275 1322 1317 intendimus
1344 1273 1542 1329 perfecte
1571 1284 1741 1313 cavere.
1795 1271 1852 1311 Et

227 1350 451 1394 consimili
488 1349 665 1391 ratione
699 1362 725 1390 a
757 1361 805 1390 re
838 1347 1040 1403 qualibet
1073 1345 1345 1401 recipienda,
1380 1358 1465 1400 que
1498 1342 1776 1397 reciperetur
1810 1343 1853 1382 et

225 1423 513 1472 venderetur,
562 1424 611 1462 ut
655 1422 766 1475 puta
812 1422 962 1461 vestes
1004 1417 1050 1458 in
1083 1415 1386 1468 luneralibus,
1436 1414 1540 1470 equi
1573 1416 1616 1455 et
1649 1425 1777 1454 arma
1810 1414 1854 1453 et

226 1493 360 1535 nimis
393 1491 661 1534 habundans
695 1503 811 1542 cera,
845 1489 1125 1531 frumentum
1158 1490 1202 1529 et
1234 1489 1402 1538 cetera,
1446 1498 1532 1541 que
1564 1483 1666 1527 usui
1697 1485 1853 1525 nostro

225 1562 510 1606 neccessaria
543 1563 595 1604 de
627 1561 829 1617 presenti
861 1574 949 1602 non
975 1562 1117 1601 erunt.
1161 1557 1336 1600 Talium
1362 1556 1479 1599 enim
1502 1569 1582 1597 nec
1605 1554 1854 1597 dominium

227 1649 308 1677 nec
335 1648 466 1676 nsum
491 1632 620 1675 nobis
643 1632 749 1674 licet
771 1632 937 1674 habere
961 1644 1042 1672 nec
1065 1629 1273 1672 dominus
1295 1641 1429 1684 papa,
1459 1630 1511 1669 ut
1532 1624 1853 1682 supradicitur,

228 1706 388 1748 talium
431 1705 597 1748 asumit
640 1704 900 1746 dominium.
966 1702 1275 1755 Quarumdem
1311 1714 1414 1742 vero
1448 1713 1600 1741 rerum
1631 1696 1855 1739 necesari-

230 1790 359 1819 arum
391 1777 482 1819 vite
521 1776 847 1818 substentande
879 1773 1145 1816 mortalium
1177 1786 1309 1815 usum
1341 1771 1447 1813 licet
1477 1771 1644 1812 habere
1676 1782 1766 1810 non
1799 1767 1856 1809 ad

229 1847 587 1889 habundantiam
619 1846 690 1889 vel
730 1846 907 1902 copiam
950 1848 1029 1887 aut
1061 1843 1447 1886 thesaurationem
1479 1841 1551 1884 vel
1584 1840 1733 1882 animo
1767 1838 1856 1880 dis-

231 1918 441 1960 trahendi
471 1919 542 1960 vel
571 1917 799 1960 alienandi
824 1917 913 1972 [vel
937 1917 1017 1959 sub
1029 1916 1065 1970 P]
1091 1915 1240 1957 colore
1262 1912 1549 1970 providencie
1571 1912 1617 1953 in
1639 1910 1856 1961 futurum,

233 1989 341 2044 quia
374 1989 580 2045 predicta
612 1988 765 2031 omnia
798 1990 953 2030 contre
985 1986 1191 2042 regulam
1215 1985 1425 2027 clamant.
1474 1984 1530 2025 Et
1552 1983 1652 2024 ideo
1675 1980 1857 2024 omnino

232 2059 508 2102 intendimus
542 2060 769 2102 abstinere
805 2073 830 2101 a
867 2057 1129 2101 curiositate
1165 2059 1208 2098 et
1232 2054 1542 2110 superfluitate
1567 2052 1857 2103 edificiorum,

233 2130 440 2181 vestium,
474 2133 843 2172 ornamentorum
877 2132 1012 2184 atque
1044 2128 1265 2170 librorum
1293 2128 1337 2168 et
1365 2123 1746 2168 cumulationibus
1774 2135 1859 2177 pro

234 2200 387 2243 futuro
415 2204 457 2243 et
480 2201 596 2244 sicut
619 2202 672 2243 ab
697 2201 798 2253 hiis,
824 2214 909 2256 que
931 2200 1150 2242 inducunt
1172 2196 1582 2253 transgressionem
1605 2193 1859 2246 mortalem,

236 2276 280 2314 et
313 2285 409 2315 esse
443 2272 640 2314 contenti
677 2270 966 2327 pauperculis
1001 2274 1043 2313 et
1078 2269 1325 2311 humilibus
1360 2267 1546 2310 edificiis
1578 2266 1625 2307 in
1658 2265 1749 2308 situ
1781 2264 1859 2306 ho-

235 2346 367 2385 nesto
402 2342 563 2385 locatis
597 2377 604 2384 .
641 2376 649 2383 .
685 2356 804 2384 ,non
839 2341 1116 2398 dupplicatis
1150 2341 1228 2383 sed
1261 2338 1543 2395 simplicibus
1576 2337 1748 2380 scilicet
1780 2336 1861 2377 du-

239 2414 353 2456 abus
387 2414 551 2455 tunicis
578 2413 743 2455 vilibus
776 2416 818 2454 et
842 2412 1079 2468 despectis,
1113 2414 1164 2453 ut
1190 2413 1301 2466 puta
1325 2444 1333 2451 .
1359 2443 1367 2450 .
1394 2443 1402 2450 .
1429 2408 1604 2451 albasio
1632 2407 1702 2449 vel
1724 2405 1862 2448 simili

238 2499 264 2526 a
297 2485 557 2526 blanchetto
592 2497 678 2526 non
711 2483 898 2525 faudato
938 2481 1264 2525 Mediolanensi
1297 2480 1547 2534 chamut(‘?)
1595 2513 1603 2520 .
1641 2513 1649 2520 .
1688 2512 1696 2519 .
1737 2477 1861 2519 simi-

236 2556 356 2597 libus
389 2558 624 2610 tamquam
669 2568 758 2596 non
799 2553 966 2596 vilibus
1004 2553 1283 2595 intendimus
1323 2551 1563 2593 abstinere.
1625 2549 1672 2592 Si
1711 2552 1861 2590 autem

238 2627 416 2678 dicitur,
451 2626 570 2681 quod
594 2659 601 2666 .
629 2659 636 2666 .
663 2659 670 2666 .
695 2625 741 2667 in
774 2624 1061 2680 prelatorum
1094 2623 1368 2667 discrecione
1395 2622 1466 2665 vel
1488 2619 1862 2676 interpretatione

238 2700 449 2754 ponatur,
492 2699 680 2752 propter
720 2696 840 2751 quod
873 2695 1081 2738 subditus
1113 2694 1235 2736 licite
1266 2694 1334 2736 uti
1365 2693 1512 2749 possit
1543 2691 1665 2734 omni
1697 2702 1861 2746 panno,

241 2769 319 2824 qui
351 2768 437 2811 sibi
471 2781 497 2809 a
528 2766 705 2823 prelato
738 2766 957 2818 tradetur,
998 2766 1234 2821 responsio
1267 2764 1439 2816 brevis,
1483 2763 1602 2818 quod
1633 2762 1716 2803 hoc
1748 2760 1863 2802 veri-

240 2841 382 2881 tatem
413 2852 503 2881 non
535 2837 685 2889 habet,
719 2849 770 2877 eo
804 2836 924 2891 quia,
957 2836 1036 2877 ubi
1067 2835 1114 2877 in
1147 2835 1364 2878 decretali
1398 2833 1673 2876 continetur:
1716 2830 1864 2887 prela-

241 2912 392 2952 torum
416 2908 678 2951 discretioni
695 2907 901 2963 predicta
917 2906 1240 2961 interpretacio
1257 2905 1468 2956 vestium,
1502 2903 1657 2945 statim
1682 2902 1865 2944 additur

243 2982 287 3022 et
329 2982 397 3023 est
437 2979 541 3022 finis
585 2977 803 3020 clausule:
847 2977 912 3018 ita
955 2979 1128 3029 tamen,
1172 2977 1292 3031 quod
1330 2975 1551 3017 vilitatem
1586 2973 1631 3015 in
1663 2972 1864 3015 vestibus
