2296 3512
887 262 1202 302 —907—

380 394 416 434 5.
453 426 460 432 .
497 426 504 432 .
541 425 549 432 .
584 390 631 433 Si
674 391 989 446 provideretur
1030 390 1075 431 in
1108 389 1384 432 monasterio
1424 392 1574 430 vestro
1620 388 1752 429 Petro
1801 387 1855 429 de

237 463 537 505 Pennafracta
568 460 760 516 lapicide
792 460 1023 511 Ilerdensi,
1063 459 1143 514 qui
1174 459 1236 500 ibi
1270 462 1455 500 venerat
1492 472 1575 513 pro
1609 456 1854 513 sepulturis

236 533 474 575 faciendis:
514 531 822 586 significamus
855 530 984 573 vobis
1019 565 1026 572 .
1063 564 1070 570 .
1108 564 1130 576 .,
1173 531 1291 585 quod
1326 530 1441 571 dicte
1481 529 1711 584 sepulture
1743 527 1856 569 fiant

239 605 294 646 ab
329 603 537 659 apposito
571 602 801 658 sepulture
835 601 1003 643 domini
1037 601 1157 655 regis
1180 600 1302 642 Petri
1336 634 1343 640 .
1381 634 1388 640 .
1428 634 1435 640 .
1471 599 1676 641 videlicet
1698 599 1743 640 in
1767 598 1855 640 alio

238 675 379 716 latere
413 673 596 715 ecclesie
640 678 683 715 et
729 673 848 727 quod
889 671 1000 713 fiant
1032 671 1215 725 iustaOE)
1259 684 1396 712 unum
1438 669 1779 712 tabernaculum
1814 671 1857 710 et

240 745 357 800 quod
403 744 552 799 ipsum
596 743 937 786 tabernaculum
980 742 1062 784 fiat
1107 743 1163 784 ad
1204 742 1387 783 modum
1422 744 1464 782 et
1501 740 1695 783 formam
1729 743 1771 781 et
1805 740 1858 781 de

240 815 406 857 eisdem
438 815 675 865 mensuris,
713 814 874 870 quibus
908 812 1251 855 tabernaculum
1285 812 1516 866 sepulture
1549 811 1658 853 dicti
1689 810 1859 852 domini

238 885 358 940 regis
391 886 513 927 Petri
545 885 690 941 patris
730 886 876 927 nostri
912 884 1082 925 factum
1119 888 1186 925 est
1221 886 1263 924 et
1297 885 1605 924 constructum
1637 915 1644 922 .
1672 915 1712 922 ..
1754 882 1856 922 Dat.

237 957 378 998 XVII.
407 956 624 999 kalendas
658 956 892 998 Februarii
926 968 1042 996 aimo
1077 954 1247 997 domini
1280 951 1583 1006 MCCCXH.2)

379 1038 462 1083 Reg.
489 1038 533 1072 93
559 1039 584 1074 f.
615 1040 697 1079 1443
724 1038 807 1081 Reg.
827 1038 871 1072 92
889 1038 914 1071 f.
933 1037 1021 1079 23V;
1048 1047 1109 1070 aus
1129 1036 1242 1069 einem
1260 1035 1387 1069 Album
1406 1034 1591 1068 moderner
1610 1033 1855 1072 Abschriftem

239 1096 366 1131 ebenso
393 1097 447 1131 die
473 1097 575 1131 Notiz
602 1098 663 1130 der
688 1097 930 1140 Anmerkung3
957 1096 1040 1139 Reg.
1059 1094 1129 1130 240
1156 1095 1181 1128 f.
1209 1095 1272 1137 643
1298 1094 1381 1138 Reg.
1407 1093 1479 1127 240
1495 1093 1520 1126 f.
1543 1093 1619 1127 133.
1671 1092 1735 1125 Ein
1753 1091 1860 1125 wich-

239 1156 328 1199 tiger
352 1166 421 1190 von
446 1157 514 1190 mir
538 1157 756 1200 gefundener
782 1155 924 1189 Bericht
950 1154 1037 1188 iiber
1062 1154 1117 1188 die
1144 1154 1275 1188 Bauten
1303 1152 1390 1186 wird
1417 1163 1483 1185 von
1502 1152 1650 1185 anderer
1671 1150 1762 1185 Seite
1781 1161 1860 1184 ver-

242 1215 447 1252 offentlicht.
487 1215 637 1249 Notizen
656 1215 742 1249 uber
760 1215 853 1248 diese
875 1214 1083 1248 beriihmten
1102 1212 1313 1247 Denkmaler
1329 1212 1400 1245 und
1419 1210 1615 1254 Abbildung
1640 1210 1675 1243 in
1693 1210 1754 1243 der
1772 1209 1862 1243 Zeit-

241 1274 389 1308 schrift:
421 1274 487 1308 Die
514 1274 647 1310 christi.
679 1274 795 1308 Kunst
819 1273 938 1317 Jahrg.
974 1272 1065 1307 1906
1097 1272 1130 1307 S.
1159 1273 1213 1308 55.
1242 1292 1284 1296 —-
1311 1271 1375 1305 Ich
1408 1270 1493 1315 fiige
1524 1270 1602 1303 hier
1627 1279 1686 1303 an:
1713 1270 1780 1302 Am
1806 1267 1862 1303 20.

240 1333 441 1367 November
467 1334 557 1367 1313
588 1333 762 1366 bekundet
785 1333 909 1376 Jayme
936 1332 993 1373 11„
1027 1332 1104 1365 dass
1129 1331 1329 1365 Bernardus
1355 1330 1396 1363 de
1428 1329 1537 1363 Puteo
1570 1328 1681 1371 pictor
1715 1327 1864 1361 civitatis

240 1392 402 1429 Barchin.
429 1403 546 1426 amore
572 1392 681 1426 nostri
707 1392 797 1435 apud
822 1390 1067 1435 Balaguerium
1094 1401 1196 1424 causa
1228 1389 1399 1423 residendi
1427 1388 1502 1422 sich
1527 1386 1654 1431 begibt,
1682 1385 1759 1420 weil
1785 1386 1865 1419 dort

239 1451 320 1486 kein
346 1462 407 1486 sue
433 1452 516 1485 artis
540 1452 705 1495 magister
730 1451 805 1484 sich
830 1449 975 1485 aufh'alt.

244 1573 341 1613 582.
364 1572 525 1626 Jayme
547 1571 613 1612 ΙΙ.
637 1571 864 1624 gestattet
887 1570 990 1611 dem
1014 1569 1076 1611 fr.
1101 1568 1371 1611 Dominicus
1394 1567 1449 1608 de
1471 1567 1500 1610 J
1503 1578 1623 1618 acca,
1651 1565 1755 1606 dass
1777 1575 1865 1606 von

243 1641 347 1684 dem
370 1641 527 1689 Gelde,
561 1642 640 1683 das
674 1652 725 1683 er
756 1653 844 1683 von
870 1640 1026 1682 seiner
1047 1640 1275 1693 Legation
1302 1651 1359 1680 an
1382 1638 1457 1679 die
1481 1637 1628 1680 Kurie
1650 1634 1867 1687 eriibrigt

243 1713 340 1766 hat,
384 1713 571 1755 Biicher
614 1712 694 1754 fiir
738 1711 825 1753 (1611
866 1712 1082 1759 Konvent
1129 1711 1281 1752 seines
1320 1709 1537 1751 Klosters
1579 1704 1868 1760 angeschafft

577 1783 775 1825 werden.
840 1782 1058 1824 Valencia
1090 1780 1282 1836 (1297)8
1314 1781 1436 1822 Marz
1470 1778 1537 1820 12.

386 1877 646 1919 Venerabili
688 1880 730 1918 et
770 1876 983 1932 1·eligi‹1›so
1024 1875 1121 1917 viro
1159 1874 1213 1916 fr.
1279 1873 1513 1915 Dominico
1554 1874 1606 1914 de
1638 1873 1776 1913 dai-ca
1814 1871 1867 1912 de

247 1948 401 1991 ordine
436 1948 660 1990 Minorum
684 1947 875 1990 salutem
911 1950 991 1989 etc.
1056 1944 1168 1987 Cum
1193 1959 1246 1986 ex
1269 1944 1485 2000 peccunia
1516 1957 1597 1999 per
1621 1957 1701 1985 nos
1735 1941 1866 1984 vobis

245 2020 418 2061 tradita
451 2018 497 2060 111
530 2019 774 2074 legacione,
809 2031 945 2073 quam
979 2018 1023 2059 111
1055 2017 1307 2058 Romanam
1341 2014 1512 2057 curiam
1544 2015 1615 2055 vel
1649 2014 1737 2055 alia
1769 2012 1869 2055 loca

246 2103 329 2146 pro
353 2089 482 2132 nobis
505 2089 688 2140 fecistis,
724 2090 915 2144 quedam
939 2087 1210 2130 remanserit
1238 2086 1450 2142 peccunie
1474 2084 1706 2140 quantitas
1733 2096 1869 2139 penes

245 2175 327 2204 vos
351 2160 480 2203 nobis
504 2161 844 2211 restituendam,
877 2159 921 2200 in
945 2158 1257 2201 remissionem
1290 2160 1580 2212 peccatorum
1609 2158 1869 2197 nostrorum

250 2235 293 2274 et
326 2233 383 2274 ad
416 2231 563 2273 anime
586 2234 739 2273 nostre
763 2231 954 2273 salutem
979 2229 1185 2271 volumus
1209 2232 1253 2270 et
1275 2228 1574 2279 concedimus,
1610 2227 1729 2281 quod
1751 2225 1869 2272 libri,

251 2303 327 2358 qui
351 2303 403 2344 de
425 2305 556 2357 parte
579 2301 790 2356 peccunie
816 2301 1016 2356 predicte
1041 2303 1189 2355 empte
1212 2302 1330 2351 sunt,
1365 2302 1408 2340 et
1432 2297 1521 2344 alii,
1547 2310 1660 2352 quos
1683 2309 1764 2352 per
1794 2308 1870 2337 vos

251 2374 304 2414 de
327 2373 531 2428 predicta
554 2372 770 2427 peccunia
795 2372 881 2413 emi
898 2372 1183 2421 mandamus,
1208 2371 1370 2412 dentur
1395 2372 1437 2410 et
1457 2368 1746 2424 assignentur
1769 2380 1871 2408 con-

252 2444 404 2485 ventui
420 2442 615 2485 fratrum
632 2443 858 2484 Minorum
874 2442 1022 2493 Jacce,
1041 2442 1106 2483 ita
1125 2442 1243 2496 quod
1258 2440 1382 2482 nullo
1394 2444 1597 2495 tempore
1608 2453 1631 2480 a
1651 2440 1873 2481 conventu

250 2515 328 2557 illo
361 2514 541 2556 valeant
574 2513 790 2568 separari.
852 2514 909 2554 Et
941 2513 980 2555 si
1010 2512 1127 2554 forte
1159 2512 1454 2565 contingeret,
1504 2511 1623 2565 quod
1660 2509 1765 2550 libri
1806 2507 1873 2548 illi

252 2587 306 2627 ad
330 2586 477 2627 locum
506 2585 644 2626 alium
670 2585 804 2626 modo
828 2583 1029 2638 quolibet
1050 2582 1420 2628 transferrentur,
1455 2581 1701 2622 retinemus
1726 2578 1870 2629 nobis,

253 2657 372 2712 quod
404 2670 487 2698 nos
509 2655 650 2697 libros
683 2655 910 2710 predictos
943 2654 1171 2709 possimus
1195 2654 1351 2695 statim
1374 2665 1642 2707 recuperare
1676 2654 1718 2692 et
1744 2648 1873 2691 resti-

252 2731 378 2770 tuere
395 2740 474 2769 seu
491 2726 671 2768 restitui
688 2725 835 2767 facere
855 2725 1092 2766 conventui
1110 2724 1384 2779 supradicto.
1419 2723 1520 2764 Dat.
1542 2721 1753 2763 Valencie
1771 2719 1872 2762 ΗΠ.

253 2799 354 2842 idus
388 2797 547 2839 Marcii
581 2796 816 2851 [(1·297)8].

394 2880 477 2922 Reg.
503 2878 573 2913 264
598 2879 623 2912 f.
651 2877 731 2912 235.

335 2985 386 3013 581
402 2985 429 3029 ²)
454 2985 526 3019 Der
552 2984 621 3018 Abt
645 2983 708 3018 soll
734 2984 793 3017 fiir
820 2981 1078 3026 Unterhaltung
1095 2992 1229 3025 sorgen.
1280 2980 1451 3015 Salarium
1468 2978 1541 3023 gibt
1559 2979 1620 3012 der
1637 2978 1759 3022 Konig.
1811 2977 1875 3010 Die

255 3044 415 3079 columne
441 3044 604 3079 kommen
631 3053 699 3076 von
726 3043 872 3076 Gerena.
