2296 3512
863 226 1182 266 —783—

211 352 493 406 propositum
541 366 676 406 super
723 365 794 405 eo,
850 353 968 407 quod
1014 353 1107 395 iam
1155 355 1511 397 concordaverat
1557 357 1611 398 de
1659 356 1834 398 decima

212 422 354 474 vobis,
396 421 683 464 serenissime
716 422 907 473 domine,
954 424 1117 464 danda.
1180 425 1238 466 Et
1271 425 1398 477 dixit,
1432 427 1551 479 quod
1585 439 1720 480 super
1751 426 1835 468 hoc

210 492 472 547 loqueretur
518 492 698 534 domino
732 492 874 534 Vitali
918 493 970 535 de
1004 493 1126 534 Villa
1169 508 1301 545 nova,
1344 509 1475 550 quem
1507 496 1553 537 in
1586 496 1834 539 crastinum

211 565 331 613 tunc,
365 562 537 605 scilicet
568 563 639 605 die
672 563 832 605 martis
866 563 1070 617 proxime
1102 564 1322 617 preterita
1349 579 1448 607 cum
1479 567 1579 609 aliis
1603 567 1839 608 ambaxia-

212 632 387 676 toribus
425 633 718 675 ordinaverat
757 634 813 675 ad
846 647 893 676 se
926 647 1089 676 vocare
1121 648 1204 689 pro
1237 636 1433 690 negotio,
1468 650 1549 691 pro
1583 651 1671 692 quo
1706 651 1832 679 vene-

213 706 329 745 rant.
406 705 512 758 Ipsa
566 703 636 746 die
684 703 846 747 martis
889 704 1041 746 nuncii
1088 705 1176 759 ipsi
1222 704 1404 748 fuerunt
1453 721 1604 749 coram
1652 708 1833 750 domino

209 786 329 829 papa
367 776 410 816 et
455 787 536 830 ego
575 788 675 816 cum
723 774 785 817 eis
831 779 875 816 et
907 775 1116 818 dominus
1159 789 1280 831 papa
1321 777 1494 818 nullum
1527 779 1580 820 de
1613 779 1698 820 hoc
1728 778 1836 821 fecit

210 845 410 895 verbum,
451 846 529 887 sed
566 849 727 899 postea
764 845 865 900 ipsa
904 847 1059 888 eadem
1100 846 1171 888 die
1210 847 1371 889 martis
1414 847 1459 888 in
1493 861 1593 891 sero
1627 849 1838 893 dominus

211 915 454 959 cardinalis
499 915 792 958 Bitterrensis
835 916 954 959 dicto
1006 917 1187 959 domino
1230 917 1372 959 Vitali
1421 931 1472 959 ac
1517 918 1617 961 aliis
1658 920 1834 963 nunciis

211 991 254 1030 et
286 986 436 1039 michi,
470 985 545 1040 qui
578 986 715 1028 nichil
749 988 802 1028 de
834 987 919 1029 hoc
941 987 1210 1040 sciebamus,
1245 987 1359 1029 dixit
1383 1002 1448 1041 ea,
1482 991 1681 1042 credens,
1715 991 1834 1044 quod

211 1057 418 1100 dominus
450 1070 582 1111 papa,
617 1057 736 1099 sicut
766 1058 1027 1112 predixerat
1059 1058 1160 1112 ipsa
1193 1059 1263 1100 die
1296 1059 1350 1101 de
1375 1072 1522 1112 mane,
1557 1073 1644 1115 quo
1666 1061 1836 1104 fuimus

210 1141 362 1171 coram
409 1140 474 1180 eo,
522 1127 699 1170 locutus
744 1127 905 1171 fuisset
937 1129 1056 1171 dicto
1090 1129 1271 1172 domino
1304 1129 1446 1172 Vitali
1478 1132 1532 1172 de
1564 1131 1663 1173 hiis.
1727 1131 1836 1174 Post

209 1200 290 1241 hec
325 1199 395 1241 die
426 1198 542 1241 iovis
575 1198 794 1253 preterita
824 1199 943 1241 idem
971 1200 1179 1242 dominus
1211 1214 1332 1256 papa
1356 1201 1537 1245 vocavit
1564 1201 1730 1244 dictum
1756 1202 1837 1244 do—

209 1270 382 1312 minum
428 1269 646 1322 Vitalem,
704 1273 753 1312 ut
801 1270 896 1312 sine
946 1270 1047 1313 aliis
1095 1271 1281 1313 veniret.
1359 1273 1418 1314 Et
1464 1276 1572 1315 tunc
1617 1272 1732 1314 dixit
1780 1272 1834 1325 ei,

210 1341 327 1383 sicut
369 1340 466 1395 ipse
513 1340 670 1383 retulit
712 1341 861 1393 michi,
910 1342 964 1383 de
1007 1341 1256 1385 intentione
1303 1347 1482 1386 mutata
1529 1357 1617 1399 quo
1667 1344 1725 1385 ad
1772 1343 1832 1396 id,

212 1412 331 1467 quod
377 1412 430 1453 de
470 1412 644 1454 decima
689 1415 974 1455 concesserat
1005 1413 1124 1455 idem
1157 1414 1367 1457 dominus
1399 1428 1544 1469 papa:
1594 1414 1835 1470 assignans

210 1483 268 1525 ad
305 1483 390 1525 hoc
428 1482 658 1525 racionem
692 1483 849 1535 istam,
890 1485 1023 1537 quod,
1073 1498 1126 1525 ex
1166 1497 1253 1538 quo
1294 1486 1417 1528 solus
1450 1485 1756 1528 remanebatis
1787 1486 1834 1528 in

210 1553 330 1595 dicto
370 1553 551 1608 negotio
584 1555 913 1609 prosequendo,
955 1568 1044 1597 non
1077 1555 1275 1607 videbat,
1310 1557 1430 1611 quod
1461 1570 1542 1610 per
1573 1570 1654 1599 vos
1687 1556 1835 1599 solum

208 1627 362 1679 posset
395 1625 608 1679 expediri.
673 1625 800 1668 Unde
834 1626 950 1667 dixit
983 1626 1126 1668 eidem
1150 1627 1333 1669 domino
1357 1627 1512 1681 vitali,
1547 1628 1667 1682 quod
1698 1640 1833 1682 super

207 1695 293 1737 hoc
342 1695 606 1750 loqueretur
656 1696 806 1738 michi.
891 1696 1012 1748 Quid
1058 1697 1219 1753 igitur,
1278 1699 1565 1743 serenissime
1608 1698 1831 1753 princeps,

209 1779 345 1820 super
392 1765 478 1808 hiis
511 1767 781 1809 concludens
829 1767 1046 1819 scribam,
1092 1769 1304 1811 turbatus
1351 1769 1516 1822 nescio,
1563 1770 1642 1812 sed
1690 1769 1834 1821 video,

210 1838 329 1892 quod
367 1838 594 1892 oportebit
638 1852 709 1880 me
747 1838 851 1880 hinc
889 1840 1098 1881 recedere
1135 1854 1261 1882 more
1301 1840 1534 1895 dispendio
1572 1840 1832 1896 fatigatum⁷

210 1920 288 1962 spe
318 1906 589 1950 frustratum
617 1911 660 1951 et
682 1909 897 1964 peccunia
918 1913 1163 1952 vacuatum
1198 1945 1205 1952 .
1231 1944 1239 1952 .
1266 1945 1273 1952 .
1309 1912 1412 1953 Dat.
1435 1911 1662 1953 Auinione
1684 1911 1830 1954 XHH.

209 1978 427 2021 kalendas
463 1979 700 2021 Februarii
714 1980 761 2035 1).

355 2048 443 2084 CRD
471 2049 602 2084 10435.
653 2049 710 2084 Or.
736 2050 820 2094 Pap.
846 2050 921 2094 ssp.

354 3000 378 3045 ¹)
404 3002 447 3035 In
471 3002 533 3036 der
557 3001 788 3046 Verwirrung
811 3001 873 3035 hat
897 3002 1076 3047 Burgundi
1101 3002 1254 3038 Februar
1280 3004 1340 3038 fiir
1364 3004 1458 3039 Marz
1484 3004 1721 3049 geschrieben.
