2296 3512
996 233 1312 273 —764-

343 360 506 403 faciam
540 360 635 404 sine
666 361 882 403 mandato
914 366 1080 402 vestro.
1144 361 1201 402 Et
1235 359 1448 416 quicquid
1480 359 1627 402 fecero
1659 360 1706 403 in
1732 361 1963 416 predictis,

344 432 499 475 statim
552 431 816 486 significabo
867 431 1009 473 vobis.
1093 432 1193 473 Non
1248 431 1480 485 imputetis
1518 430 1675 484 michi,
1727 432 1765 474 si
1805 444 1967 473 cursor

343 506 519 544 tantum
563 501 776 552 tardavit,
823 502 930 557 quia
976 502 1125 544 littere
1169 506 1318 544 vestre
1363 501 1544 543 fuerunt
1589 502 1692 543 date
1736 502 1836 544 idus
1875 501 1962 542 De-

344 573 536 616 cembris
585 573 629 613 et
675 572 823 626 recepi
872 586 946 615 eas
995 572 1065 614 die
1099 572 1354 626 epiphanie,
1401 573 1504 613 dum
1538 585 1656 626 papa
1689 573 1959 614 celebrabat.

344 643 558 699 Sequenti
603 646 672 687 die
716 656 837 698 papa.
878 643 1016 684 exivit
1048 643 1257 685 Tolosam
1291 646 1335 684 et
1367 642 1641 684 continuatis
1675 643 1806 685 diet-is
1838 642 1963 684 venit

344 715 400 757 ad
445 715 673 758 civitatem
717 714 1045 757 Conuenarum.
1117 714 1174 755 Et
1218 713 1303 754 fuit
1343 713 1407 754 ibi
1447 713 1516 754 die
1550 713 1710 755 martis
1742 712 1961 768 sequenti,

344 786 413 827 die
447 786 561 829 iovis
588 785 794 842 sequenti
827 784 1061 826 transtulit
1098 797 1259 839 corpus
1293 798 1326 826 s.
1362 783 1602 825 Bertrandi
1636 786 1679 825 et
1712 783 1834 825 dedit
1863 782 1962 824 infi-

342 856 462 899 nitas
494 856 865 912 indulgencias3).
928 855 986 896 Et
1019 854 1174 897 statim
1208 855 1278 896 die
1312 853 1493 896 sabbati
1526 854 1712 896 recessit
1746 857 1789 896 et
1821 853 1962 896 conti-

342 928 493 970 nuatis
527 928 658 970 dietis
690 926 860 969 recedit
892 930 935 967 et
969 925 1092 967 vadit
1125 924 1408 967 Auinionem.
1464 923 1624 967 Comes
1651 925 1963 979 Luceborgen-

343 998 404 1040 sis
439 998 606 1041 electus
639 1001 707 1042 est
746 1003 789 1040 et
822 1000 1063 1039 coronatus
1096 996 1140 1036 in
1180 1009 1332 1050 regem
1364 995 1646 1037 Alamannie.
1709 995 1814 1036 Alia
1845 1008 1963 1037 nova

342 1082 430 1111 non
472 1072 577 1112 sunt
622 1070 668 1111 in
708 1069 831 1110 curia
871 1101 879 1109 .
916 1101 924 1108 .
960 1099 968 1106 .
1010 1066 1142 1108 Prior
1184 1067 1236 1107 de
1270 1064 1449 1119 Cacano
1495 1066 1617 1107 vadit
1657 1066 1709 1107 de
1748 1066 1965 1107 mandato

341 1154 456 1195 pape
496 1142 551 1182 ad
585 1141 725 1194 vos4).
790 1140 891 1180 Dat.
929 1172 936 1178 .
973 1172 980 1178 .
1014 1138 1160 1179 XIIII.
1200 1137 1417 1179 kalendas
1451 1137 1699 1178 Februarii.

484 1221 574 1257 CRD
602 1224 666 1265 Ap.
694 1222 748 1256 55.
792 1219 976 1255 Schreiber
1001 1219 1046 1252 ist
1072 1219 1134 1253 der
1154 1219 1338 1252 Verfasser
1364 1218 1424 1252 des
1447 1218 1633 1261 wichtigen
1658 1217 1965 1262 tagebuchartigen

341 1280 524 1315 Berichtes
550 1281 585 1314 in
611 1280 728 1314 finke.
756 1282 827 1313 Aus
854 1279 886 1314 d.
910 1279 1023 1322 Tagen
1048 1277 1207 1312 Bonifaz'
1236 1278 1320 1311 VIII
1347 1277 1380 1311 S.
1407 1277 1608 1311 XXXVIII
1633 1277 1675 1312 ff.

342 1390 440 1430 477.
475 1388 600 1430 Rede
633 1388 712 1429 des
744 1385 961 1428 Bischofs
997 1386 1196 1427 Peneius
1228 1397 1317 1427 von
1349 1385 1517 1426 Lei-ida
1550 1397 1633 1427 vor
1655 1383 1865 1426 Clemens
1889 1384 1961 1424 Va

342 1458 691 1511 Anki’uidigung
722 1457 801 1499 (les
824 1456 1017 1500 Konzils
1038 1468 1125 1498 von
1148 1456 1320 1497 Vienne
1353 1456 1545 1497 brachie
1578 1455 1652 1496 (lie
1679 1452 1965 1497 Sarraeenen

342 1531 391 1571 in
404 1529 700 1582 Ausi-egung3
720 1528 930 1570 Biindnis
948 1527 1031 1569 der
1042 1526 1226 1579 Kiinige
1237 1540 1325 1569 von
1340 1527 1606 1579 Aragonien
1623 1525 1717 1567 und
1728 1524 1965 1567 Kastilien

343 1612 489 1653 gegen
523 1601 609 1650 sie3
653 1600 807 1641 Macht
846 1599 924 1640 des
958 1596 1138 1650 Kiinigs
1172 1609 1259 1640 von
1294 1598 1521 1647 Mai-ocem
1557 1596 1853 1648 Aufziihlung
1885 1594 1966 1636 (les

343 1669 594 1723 Schadens,
639 1671 726 1712 den
771 1670 846 1711 die
879 1667 1164 1712 Sarracenen
1209 1668 1459 1710 besonders
1501 1669 1550 1708 in
1589 1667 1856 1720 Aragonien
1889 1678 1965 1706 311-

525 1742 779 1794 gel-ichtet3
813 1741 944 1782 Bitte
975 1752 1052 1781 11111
1086 1740 1309 1781 Zehnten.
1373 1739 1509 1793 (1309
1541 1738 1787 1791 Februar.)

594 1857 601 1864 .
648 1824 783 1865 Pater
826 1822 1131 1865 sanctissime!
1186 1821 1383 1863 Predicti
1424 1834 1554 1876 reges
1604 1820 1773 1861 domini
1820 1819 1965 1862 nostri

346 1893 559 1949 [Castelle
598 1901 640 1936 et
672 1894 918 1949 Aragonie]
955 1895 1224 1944 avertentes,
1269 1893 1389 1947 quod
1424 1895 1573 1934 vestra
1615 1891 1835 1933 sanctitas
1876 1890 1964 1932 dis-

343 1968 557 2020 posuerat
585 1978 833 2007 convocare
865 1978 947 2020 pro
980 1963 1196 2020 passagio
1228 1962 1430 2019 generali
1462 1962 1507 2003 in
1540 1962 1725 2003 Terram
1759 1964 1965 2004 sanctam

345 2040 501 2077 contra
534 2036 741 2078 inimicos
779 2036 884 2077 fidei
915 2035 1124 2091 generale
1157 2033 1457 2088 concilium,1)
1496 2036 1684 2089 propter
1717 2033 1842 2075 cuius
1876 2032 1964 2074 dis-

344 2107 617 2162 posicionem
638 2105 875 2148 Sarraceni
899 2106 945 2147 in
962 2106 1170 2161 partibus
1187 2105 1389 2160 Yspanie
1415 2108 1458 2146 et
1472 2103 1690 2146 Barbarie
1707 2103 1963 2154 existentes,

344 2182 679 2219 murmurantes
714 2181 871 2219 contra
903 2178 1001 2229 hoc,
1037 2177 1212 2231 aliquos
1241 2179 1428 2218 conatus
1457 2178 1499 2217 et
1533 2177 1781 2230 apparatus
1805 2187 1967 2229 guerre

345 2251 388 2289 et
422 2248 644 2290 discordie
678 2252 982 2300 comoverunt,
1031 2249 1344 2289 tractaverunt
1386 2249 1429 2288 et
1466 2245 1790 2288 ordinaverunt
1829 2245 1965 2286 iidem

344 2332 474 2373 reges
505 2319 623 2360 inter
658 2333 704 2361 se
738 2320 791 2360 de
824 2319 943 2361 vista
976 2321 1019 2360 et
1052 2317 1359 2373 colloqucione
1393 2318 1449 2358 ad
1481 2316 1673 2358 invicem
1706 2329 1842 2371 super
1878 2314 1966 2357 hiis

346 2389 600 2431 adhibenda
632 2390 801 2445 sicque,
834 2393 970 2445 prout
1001 2390 1326 2440 tractaverunt,
1359 2388 1405 2429 in
1439 2386 1688 2429 confinibus
1722 2399 1962 2442 regnorum

345 2473 544 2512 suorum,
586 2460 796 2502 videlicet
827 2461 872 2501 in
904 2459 1180 2502 monasterio
1206 2459 1258 2500 de
1282 2459 1407 2507 Orta,
1442 2456 1754 2500 Cisterciensis
1779 2456 1963 2508 ordinis,

344 2531 645 2587 personaliter
695 2545 794 2573 cum
837 2530 993 2573 multis
1043 2530 1232 2585 prelatis
1278 2533 1321 2571 et
1367 2528 1615 2571 baronibus
1662 2530 1967 2570 convenerunt

344 2601 495 2657 ibique
535 2604 704 2644 statum
737 2602 940 2657 Yspanie
972 2601 1091 2642 inter
1123 2614 1170 2642 se
1197 2600 1550 2654 rescensentesss)
1586 2603 1629 2641 et
1658 2599 1962 2651 avertentes-²²)

414 2671 467 2698 477
486 2672 521 2714 a)
547 2671 590 2705 So
618 2672 698 2716 Reg.

414 2777 466 2804 476
485 2775 512 2821 3)
538 2776 698 2812 Clemens
725 2777 766 2812 V.
792 2788 864 2810 war
889 2777 1016 2810 friiher
1041 2776 1184 2810 Bischof
1214 2786 1281 2809 von
1307 2775 1538 2818 Comminges.
1588 2773 1664 2818 Vgl.
1692 2774 1780 2808 auch
1805 2773 1895 2808 Hist.
1923 2773 1965 2806 de

344 2836 549 2880 Languedoc
574 2836 621 2878 X,
649 2837 727 2872 311.

485 2894 513 2938 4)
540 2895 674 2939 Wegen
700 2895 761 2928 der
786 2893 1220 2938 Templerangelegenheit.
1271 2892 1348 2937 Vgl.
1376 2892 1492 2935 Finke,
1525 2892 1707 2936 Papsttum
1738 2891 1809 2925 und
1833 2891 1964 2925 Unter-

344 2964 433 2998 gang
458 2955 518 2988 des
543 2953 830 2997 Templerordens
855 2953 890 2987 II
917 2953 948 2989 S.
978 2953 1043 2987 179
1070 2953 1111 2986 ff.

415 3013 467 3040 477
489 3013 513 3056 ¹)
539 3013 609 3047 Das
637 3011 727 3047 1308
752 3012 1002 3056 angekiindigte
1028 3010 1151 3045 Konzil
1177 3021 1244 3044 von
1269 3011 1416 3044 Vienne.
