2296 3512
930 261 1249 301 —651—

282 389 568 432 obstantibus
611 388 832 430 clausuris
882 387 1117 442 predictis,
1170 402 1353 430 securus
1403 391 1638 443 pateretur
1678 399 1898 429 accessus.

281 461 499 502 Fecerunt
538 460 653 501 enim
687 472 828 514 prope
862 459 1097 500 clausuras
1131 471 1236 500 sua-s
1270 463 1420 500 castra
1452 459 1614 513 lignea,
1649 459 1701 499 de
1737 457 1899 512 quibus

283 545 382 572 cum
430 529 707 585 sagitacione
754 528 994 583 multiplici
1042 528 1328 570 resistebant.
1405 529 1572 570 Verum
1622 529 1805 583 quidam
1848 529 1901 569 de

281 601 450 643 nostris
491 604 680 655 propter
720 599 995 655 parvitatem
1028 599 1138 640 Padi
1180 599 1446 640 invenerunt
1490 601 1652 640 vadum
1686 599 1732 640 111
1764 599 1900 650 Pado,

280 684 361 727 per
409 672 528 726 quod
575 671 856 712 transierunt
904 670 959 711 ad
1004 682 1142 711 naves
1190 669 1414 724 ipsorum,
1463 676 1505 711 et
1545 684 1644 711 cum
1678 669 1902 724 cepissent

280 743 498 784 maiorem
533 755 707 793 navem,
742 755 826 796 que
859 740 1016 795 regina
1048 742 1251 791 vocatur,
1284 739 1351 780 illi
1383 741 1436 781 de
1468 740 1695 794 peditibus
1719 739 1901 790 nostris,

281 813 359 869 qui
390 814 562 855 Padum
604 812 926 863 transiverant,
969 813 1145 852 tantum
1184 815 1481 851 vaccaverunt
1513 810 1637 852 lucro
1672 816 1714 852 01
1747 812 1903 865 depre-
1934 838 1943 843 -

282 884 461 926 dacioni
513 898 679 935 rerum,
735 896 820 938 que
874 885 1002 924 erant
1058 881 1104 922 in
1151 881 1271 936 ipsa.
1326 882 1445 935 quod
1485 881 1903 936 supervenientibus

279 955 471 997 navibus
527 954 715 996 armatis
788 954 940 995 hostes
998 953 1143 1007 ipsam
1199 958 1605 1006 recuperaverunt,
1660 954 1902 1007 antequam

280 1039 520 1069 succursus
566 1028 719 1067 nostre
762 1024 909 1079 gentis
949 1023 1099 1064 venire
1132 1023 1356 1078 potuisset
1390 1023 1447 1063 ad
1477 1021 1614 1076 ipsos.
1679 1020 1904 1076 Ceperunt

278 1096 464 1151 insuper
499 1096 696 1152 quinque
735 1096 848 1137 alias
886 1108 1024 1137 naves
1059 1095 1283 1149 ipsorum,
1327 1106 1439 1148 quas
1473 1092 1629 1135 statim
1662 1093 1764 1147 igne
1799 1093 1904 1134 sub-

279 1168 428 1223 posito
464 1168 522 1221 (5³)
558 1167 887 1209 combuxerunt
918 1179 999 1207 1100
1033 1165 1165 1206 aliter
1196 1165 1393 1206 Venetos
1426 1163 1472 1204 111
1504 1166 1628 1204 terra
1661 1166 1906 1218 potuerunt

280 1238 460 1280 habere.
515 1237 783 1293 Sciatisque,
818 1240 949 1292 pater
978 1235 1276 1287 sanctissime,
1312 1235 1433 1290 quod
1458 1234 1504 1275 in
1529 1234 1727 1275 exercitu
1750 1236 1904 1276 nostro

278 1309 483 1365 predicto
536 1312 738 1362 tempore
792 1308 907 1349 dicte
964 1306 1214 1349 invasionis
1273 1309 1403 1347 erant
1456 1307 1567 1347 bene
1621 1304 1906 1359 cadringenti

283 1380 456 1435 equites
491 1393 591 1422 cum
624 1392 703 1421 sex
735 1379 920 1420 milibus
952 1377 1154 1433 peditum
1190 1381 1484 1427 armatorum,
1520 1375 1597 1431 qui
1624 1375 1770 1417 adhuc
1802 1378 1906 1417 sunt

284 1451 330 1492 111
377 1455 509 1506 prato
544 1450 821 1492 Marchionis
870 1450 1048 1504 prefato
1094 1461 1178 1503 pro
1226 1447 1390 1489 maiori
1427 1450 1557 1502 parte
1592 1446 1648 1487 ad
1681 1445 1907 1500 stipendia

285 1529 456 1573 nostra,
491 1521 690 1576 exceptis
723 1520 827 1571 illis,
864 1520 940 1575 qui
973 1524 1079 1561 511111
1111 1532 1194 1574 pro
1228 1517 1454 1560 communi
1486 1517 1686 1559 Bononie
1721 1523 1763 1558 et
1797 1516 1906 1557 alia-

285 1607 387 1634 rum
419 1593 809 1642 communitatum,
843 1594 979 1646 prout
1012 1590 1125 1632 alias
1159 1590 1287 1632 vobis
1320 1589 1495 1644 scripsi.
1558 1588 1609 1629 In
1638 1586 1907 1629 Francolino

284 1678 392 1706 vero
426 1666 530 1706 sunt
564 1677 617 1705 ex
649 1666 842 1717 utraque
874 1664 1005 1717 parte
1038 1660 1148 1702 Padi
1180 1674 1263 1716 pro
1297 1660 1502 1703 custodia
1528 1659 1680 1714 pontis
1709 1657 1908 1700 sexcenti

288 1735 459 1790 equites
506 1737 549 1776 et
591 1737 787 1789 quatuor
827 1732 954 1774 milia
999 1731 1200 1787 peditum
1235 1744 1287 1773 ac
1319 1732 1365 1772 in
1398 1731 1582 1772 civitate
1613 1730 1646 1772 F
1652 1729 1820 1771 errarie
1855 1730 1908 1771 de

288 1806 512 1860 sol[utis‘?]
567 1803 878 1859 stipendiariis
929 1802 1212 1858 quatercenti
1260 1801 1590 1856 quinquaginta
1645 1800 1817 1855 equites
1866 1802 1908 1842 et

286 1877 408 1918 mille
441 1876 614 1931 pedites
647 1878 800 1930 preter
834 1874 966 1926 cives,
1001 1874 1078 1929 qui
1110 1886 1265 1915 omnes
1297 1885 1379 1928 pro
1412 1871 1575 1913 maiori
1597 1877 1726 1925 parte
1752 1871 1908 1924 paucis

288 1948 485 2001 exceptis
547 1948 605 1989 ad
666 1945 891 2000 stipendia
943 1951 1101 1987 nostra
1157 1946 1369 1986 tenentur
1419 1942 1467 1985 in
1521 1942 1632 1985 locis
1680 1942 1906 1996 predictis.

289 2016 561 2073 Sciatisque,
619 2016 967 2059 clementissime
1016 2015 1214 2067 domine,
1279 2015 1415 2070 quod.
1472 2013 1577 2055 licet
1622 2013 1735 2055 alias
1780 2013 1908 2055 vobis

288 2089 622 2142 scripserimus,
669 2090 864 2130 Venetos
898 2101 985 2129 11011
1018 2087 1185 2128 habere
1217 2085 1455 2136 victualia,
1490 2087 1627 2139 prout
1657 2083 1793 2125 michi
1826 2096 1908 2139 pro

289 2164 410 2201 certo
458 2163 692 2201 narratum
742 2159 975 2210 extiterat,
1022 2157 1203 2200 oculata
1255 2160 1407 2198 tamen
1447 2155 1534 2197 fide
1566 2155 1659 2197 vidi
1693 2156 1746 2197 de
1778 2154 1908 2205 turri,

289 2244 374 2286 que
407 2234 474 2272 051
506 2230 551 2271 111
584 2230 759 2284 palacio
791 2232 948 2272 nostro
971 2229 1004 2270 F
1010 2228 1264 2280 errariensi,
1297 2227 1421 2281 ipsos
1445 2226 1621 2281 aliquos
1655 2225 1907 2279 mutonesb)

287 2302 453 2343 habere
487 2304 530 2342 et
560 2301 677 2342 idem
711 2301 876 2342 dicitur
908 2301 961 2342 de
984 2300 1086 2341 vino
1122 2302 1165 2341 et
1188 2299 1290 2341 aliis
1313 2297 1594 2341 necessariis.
1652 2297 1750 2338 Non
1776 2297 1909 2338 credo

287 2374 454 2424 tamen,
488 2375 531 2413 01
563 2371 627 2414 510
659 2371 795 2413 01111111
829 2371 1004 2414 dicitur.
1038 2371 1159 2426 quod
1192 2371 1247 2412 ad
1280 2370 1465 2425 longum
1499 2373 1676 2422 tempus
1704 2367 1910 2410 sufficere

288 2443 433 2498 possit
481 2442 662 2485 eisdem.
737 2443 818 2485 Est
851 2442 966 2484 enim
1003 2444 1124 2484 certo
1159 2441 1326 2483 certius
1359 2440 1582 2491 omnibus,
1627 2439 1760 2494 quod,
1804 2439 1908 2479 dum

288 2517 440 2555 tamen
473 2526 588 2569 pons
615 2513 874 2554 Francolini
907 2512 1126 2555 custodiri
1158 2511 1316 2566 possit,
1361 2511 1472 2565 ipsis
1507 2514 1575 2552 est
1607 2509 1803 2563 undique
1839 2509 1909 2550 via

289 2585 498 2639 preclusa
542 2584 587 2626 in
634 2583 853 2625 habendis
901 2583 1193 2635 victualibus,
1242 2583 1329 2625 11151
1375 2581 1585 2624 fortassis
1626 2581 1824 2622 habeant
1857 2580 1909 2621 de

288 2655 494 2710 partibus
518 2655 703 2696 Mantue
725 2656 768 2695 et
785 2653 974 2705 Verone,
998 2654 1102 2695 licet
1126 2653 1473 2696 communitates
1498 2652 1722 2693 dictarum
1751 2650 1906 2691 civita-

289 2730 385 2769 tum
407 2725 712 2780 promiserint,
733 2725 853 2779 quod
875 2724 998 2778 ipsos
1022 2725 1074 2766 de
1097 2724 1262 2766 finibus
1287 2724 1380 2766 suis
1401 2722 1614 2764 victualia
1637 2722 1802 2763 habere
1821 2734 1909 2762 non

288 2797 604 2852 permitterent
624 2796 716 2837 ullo
735 2796 881 2838 modo.
916 2795 1019 2837 Dat.
1039 2795 1245 2837 Ferrarie
1265 2795 1334 2836 die
1352 2794 1492 2836 XXV.
1512 2793 1680 2836 mensis
1697 2791 1906 2846 Augusti.

430 2880 538 2922 Post
585 2878 909 2921 confectionem
956 2891 1063 2920 vero
1112 2877 1393 2931 presencium
1446 2876 1712 2917 invaserunt
1764 2873 1909 2915 nostri

289 2950 486 2993 Venetos
530 2950 575 2991 in
621 2962 780 3003 campo
826 2962 907 2990 suo
951 2948 1021 2989 die
1065 2948 1226 2991 martis
1268 2950 1451 3001 repente
1493 2949 1596 2987 ante
1638 2946 1797 2987 horam
1831 2956 1907 2985 no-

432 3044 462 3083 b)
487 3045 642 3077 mutores
668 3042 788 3085 Kopie.
