2296 3512
1015 218 1335 259 —558—

366 345 441 388 die
472 347 646 389 letzten
679 345 875 399 Schlage
905 345 1000 387 ties
1026 346 1076 387 in
1107 344 1339 388 Schulden
1371 346 1537 388 steckt.
1598 348 1656 388 In
1687 347 1840 389 vielen
1871 345 1983 389 Con-

365 417 538 470 siglien
569 417 634 458 ist
666 416 741 457 die
764 415 908 458 Sache
939 416 1234 467 verhandelt3
1269 416 1344 458 (116
1365 417 1667 459 Florentiner
1688 416 1873 459 kiinnen
1894 430 1987 459 nur

365 489 516 540 wenig
547 487 730 537 zahlen3
773 486 961 528 endlich
993 487 1058 528 ist
1089 486 1172 528 der
1204 487 1407 540 Vertrag
1439 487 1661 529 zustande
1693 488 1984 541 gekommen,

364 570 444 599 um
476 557 637 599 dessen
668 556 909 598 Annahme
942 568 994 598 er
1026 557 1256 610 dringend
1287 558 1445 600 bittet.
1508 559 1572 599 Er
1603 558 1700 600 will
1726 557 1848 612 ,ietzt
1870 557 1985 601 Geld

364 628 440 669 bei
478 627 714 680 Bologna‚
756 625 917 680 Siena,
958 627 1142 680 Pistoja
1183 628 1370 670 suchen.
1431 629 1532 670 Von
1562 628 1871 682 Neuigkeiten
1909 630 1985 671 be·

364 698 541 740 richtet
582 708 633 739 er
674 697 750 739 (116
787 697 1064 751 Riistungen
1105 698 1188 740 der
1219 696 1595 751 Guelfenpartei:
1638 699 1834 741 Florenz
1866 712 1910 740 u.
1944 712 1984 741 a.

365 766 527 811 Stadte
571 769 777 810 erbitten
821 769 870 809 in
914 768 1202 810 Frankreich
1247 766 1576 822 Soldtruppen.
1638 769 1836 811 Florenz
1870 769 1983 811 1316

1034 840 1212 883 Januar
1246 838 1314 880 18.

504 920 625 961 Data
656 920 702 961 in
734 920 921 963 Firensa
954 934 979 962 a
1013 921 1082 962 die
1114 921 1278 962 XVIII.
1314 920 1499 975 gienaro
1532 919 1800 962 MCCCXVI
1825 922 1858 974 1)

504 990 655 1033 Nobili
688 990 784 1032 viro
825 991 1003 1033 domino
1037 991 1170 1033 Petro
1205 991 1405 1045 Marcha)
1449 990 1711 1033 Manfredus
1744 991 1899 1034 Noctis
1932 992 1987 1033 de

363 1061 575 1103 Maiolica
614 1061 900 1103 ambaxiator
949 1095 956 1102 .
994 1095 1001 1102 .
1038 1095 1045 1102 .
1090 1061 1251 1103 Jacobi
1290 1096 1298 1102 .
1333 1095 1341 1102 .
1378 1096 1386 1102 .
1420 1061 1540 1117 regis
1580 1064 1846 1117 Aragonum
1886 1076 1987 1104 cum

367 1132 438 1174 sui
470 1132 861 1174 recomendatione
893 1145 941 1174 se
972 1134 1130 1174 totum.
1184 1132 1270 1174 Per
1291 1147 1362 1174 1116
1383 1136 1533 1174 vestre
1555 1132 1785 1175 nobilitati
1805 1132 1989 1175 fuerunt

365 1203 449 1245 due
480 1203 630 1245 littere
664 1203 900 1255 destinate,
933 1202 1140 1245 videlicet
1171 1217 1274 1255 una,
1310 1217 1395 1258 que
1427 1202 1549 1245 facta
1587 1203 1673 1245 suit
1698 1204 1793 1245 XV.
1818 1204 1987 1246 mensis

362 1273 634 1315 Nouembris
668 1287 748 1328 per
779 1273 1034 1315 Johannem
1068 1275 1121 1315 de
1155 1271 1428 1328 Gomitatab)
1460 1274 1598 1315 Aritii
1638 1288 1882 1327 cursorem,
1917 1275 1989 1316 cui

362 1344 562 1386 Johanni
593 1357 676 1399 pro
710 1343 875 1386 viatico
910 1344 1012 1386 dedi
1043 1345 1140 1386 flor.
1177 1345 1373 1400 quinque
1407 1345 1507 1386 auri
1539 1348 1582 1386 et
1613 1345 1659 1386 in
1685 1345 1797 1401 ipsis
1820 1345 1986 1388 litteris

362 1415 483 1457 inter
516 1414 606 1456 alia
640 1415 970 1467 continebatur,
1005 1415 1200 1470 qualiter
1221 1429 1302 1457 vos
1335 1415 1478 1457 eidem
1503 1416 1531 1456 J
1535 1416 1702 1458 ohanni
1725 1417 1833 1458 dare
1856 1417 1986 1458 debe-

362 1486 472 1528 retis
517 1486 561 1527 in
595 1488 718 1528 terra
762 1485 1041 1528 Barsellonie
1082 1486 1179 1528 flor.
1225 1486 1376 1528 decem
1420 1486 1518 1528 auri
1563 1490 1606 1528 et
1649 1487 1725 1542 qui
1755 1487 1986 1529 Johannes

364 1570 523 1598 cursor
556 1570 656 1598 cum
688 1556 903 1611 predictis
936 1556 1101 1599 litteris
1148 1570 1301 1599 coram
1332 1557 1461 1599 vobis
1501 1571 1763 1613 comparere
1795 1558 1988 1600 debebat

362 1627 483 1669 infra
514 1627 598 1668 XV
633 1627 727 1669 dies
761 1640 786 1668 a
819 1627 889 1668 die
928 1627 1044 1669 dicte
1076 1627 1271 1682 littere0)
1311 1628 1413 1669 date
1443 1631 1486 1669 et
1517 1628 1562 1669 in
1599 1628 1788 1670 totidem
1830 1628 1987 1671 diebus

364 1699 420 1740 ad
463 1712 533 1739 1116
577 1711 676 1739 611111
720 1698 987 1752 responsiva
1029 1698 1253 1740 dictarum
1285 1698 1543 1740 litterarum
1582 1712 1847 1742 reversurus
1887 1712 1985 1741 esse

363 1769 576 1811 debebat:
612 1768 697 1810 alie
732 1781 835 1810 vero
858 1768 1021 1821 littere,
1057 1783 1140 1824 que
1173 1769 1292 1811 facte
1314 1769 1497 1811 fuerunt
1523 1770 1594 1811 die
1618 1770 1689 1811 VI.
1719 1770 1982 1812 Decembris

361 1853 444 1896 per
477 1839 718 1895 Symonem
751 1840 896 1881 Buoni
935 1841 988 1881 de
1022 1840 1206 1881 civitate
1246 1838 1433 1882 Castelli
1472 1853 1702 1883 cursorem
1736 1841 1864 1883 vobis
1903 1854 1985 1896 per

362 1924 432 1952 me
464 1910 731 1952 transmisse
763 1909 982 1958 fuerunt2’)
1019 1945 1026 1951 .
1064 1945 1071 1951 .
1107 1945 1114 1952 .
1149 1912 1207 1952 Et
1240 1924 1352 1963 ecce,
1396 1912 1515 1966 quod
1553 1912 1681 1953 vobis
1721 1912 1804 1953 sub
1836 1911 1984 1953 brevi-

361 1981 514 2036 loquio
548 1981 746 2023 scribere
784 1982 1027 2036 procuravi
1040 1982 1076 2036 3)
1117 1996 1182 2033 ea,
1218 1995 1301 2036 que
1334 1995 1415 2037 per
1452 1996 1523 2023 me
1561 1981 1682 2024 facta
1715 1986 1758 2023 et
1789 1984 1986 2024 tractata

362 2055 468 2094 sunt
514 2052 560 2093 in
603 2052 786 2093 civitate
820 2052 1047 2094 Florentie
1089 2066 1232 2107 usque
1272 2053 1418 2105 hodie,
1459 2053 1543 2095 hoc
1580 2054 1714 2095 modo
1754 2053 1980 2095 videlicet:

363 2122 469 2178 quia
512 2122 578 2164 fui
623 2123 693 2164 die
736 2123 790 2164 X.
831 2124 1099 2165 Novembris
1141 2124 1188 2165 in
1233 2123 1415 2165 civitate
1454 2123 1680 2165 Florentie
1726 2127 1768 2165 et
1812 2124 1983 2177 statim,

362 2194 478 2235 sicut
518 2194 665 2248 ipsam
706 2193 875 2249 introyi
917 2194 1162 2246 civitatem,
1196 2194 1374 2236 litteras
1402 2194 1573 2236 domini
1605 2195 1751 2236 nostri
1789 2195 1984 2237 dominis

360 2264 589 2319 prioribus
623 2264 821 2306 civitatis
848 2264 1074 2306 Florentie
1106 2265 1378 2320 presentavi,
1415 2278 1440 2306 a
1474 2265 1637 2319 quibus
1669 2266 1983 2321 responsivam

361 2348 450 2377 non
488 2335 625 2377 habui
664 2335 798 2376 michi
839 2339 1030 2390 gratam.
1095 2335 1305 2388 Volensd)
1342 2349 1441 2377 eam
1473 2336 1519 2377 in
1552 2336 1734 2391 scriptis
1768 2337 1983 2392 recipere,

364 2419 638 2461 cognoscens
683 2420 837 2448 eorum
882 2407 1127 2461 pessimam
1169 2407 1448 2449 voluntatem
1491 2408 1534 2448 et
1565 2407 1874 2456 intentionem,
1915 2407 1985 2449 in-

504 2481 532 2513 a)
558 2475 628 2509 Das
654 2475 664 2508 i
690 2486 757 2508 von
784 2476 845 2509 der
870 2476 971 2509 Hand
999 2477 1133 2518 (1655611,
1160 2477 1220 2510 (161
1246 2476 1300 2510 (lje
1319 2476 1544 2510 Uberschriit
1569 2476 1717 2519 schrieb,
1742 2477 1982 2521 hinzugeffigt.

379 2534 409 2574 b)
436 2535 559 2567 coitata
584 2534 648 2568 mit
673 2534 895 2579 Abkiirzung.
960 2542 987 2575 C)
1013 2534 1137 2569 litteris
1165 2535 1222 2569 Or.
1309 2535 1339 2577 d)
1367 2535 1586 2579 Vorhergeht
1612 2535 1840 2579 iiberfliissig:
1868 2547 1982 2580 quam.

506 2640 529 2683 ¹)
555 2640 676 2674 Dies-es
713 2651 781 2673 von
806 2641 953 2674 anderer
978 2641 1097 2674 Hand.
1135 2640 1225 2674 wohl
1252 2651 1317 2674 von
1345 2642 1407 2674 der
1430 2641 1627 2683 Manfreds,
1666 2642 1727 2675 der
1752 2652 1807 2675 am
1837 2643 1888 2677 17.
1914 2641 1984 2675 Mai

363 2698 530 2732 schreibt:
569 2699 651 2733 Sum
678 2699 798 2743 laycus
824 2710 888 2734 nec
914 2699 1046 2734 litteras
1072 2701 1152 2736 5610.
1204 2700 1279 2734 Ηο6
1306 2701 1397 2736 dico,
1425 2701 1526 2745 quod,
1565 2701 1646 2745 quia
1670 2701 1706 2734 in
1730 2701 1853 2735 Latino
1880 2700 1983 2734 scribi

362 2756 463 2797 facio,
490 2757 554 2791 hoc
580 2769 642 2801 per
667 2770 722 2791 me
748 2759 866 2792 facere
892 2760 1019 2793 nescio.
1070 2760 1129 2794 set
1154 2770 1210 2793 me
1238 2762 1396 2803 0111101161
1419 2759 1504 2801 aliis,
1531 2761 1588 2803 qui
1607 2760 1728 2803 sciant,
1755 2760 1984 2802 committere,

362 2818 477 2849 tamen
502 2816 664 2850 fidelibus
692 2824 726 2850 et
752 2818 905 2851 secretis.
956 2819 1026 2852 Das
1049 2817 1270 2852 Italienische
1296 2819 1382 2852 wird
1409 2830 1446 2852 er
1471 2819 1622 2863 gekonut
1646 2818 1769 2852 haben.

505 2874 531 2917 9)
557 2875 697 2918 Angabe
735 2876 917 2911 desselben
944 2878 1018 2910 Zeit
1055 2878 1126 2911 und
1159 2878 1178 2911 5
1211 2878 1282 2911 und
1313 2877 1333 2911 9
1361 2877 1506 2911 Gulden.
1557 2878 1674 2911 &Venn
1699 2878 1824 2912 Petrus
1850 2877 1895 2912 M.
1922 2877 1984 2911 ab·

362 2933 512 2975 wesend,
539 2933 641 2977 jeden
666 2934 846 2979 V'artetag
871 2935 891 2968 2
918 2936 995 2970 Tur.
1022 2936 1132 2980 grossi
1158 2936 1199 2969 de
1226 2938 1376 2979 argento.

505 2991 531 3035 3)
558 2993 635 3025 Yon
662 2993 729 3026 den
754 2993 878 3027 beiden
904 2994 1046 3028 Briefen
1072 2995 1160 3028 habe
1186 2995 1243 3029 ich
1268 2995 1366 3029 keine
1390 2995 1481 3039 Spur
1505 2995 1692 3039 gefunden.
