2296 3512
874 242 1194 282 -929—

223 371 303 421 est,
347 369 401 411 de
442 368 570 411 vobis
613 369 819 424 cogimur
860 369 1079 410 admirari
1119 382 1207 411 non
1250 368 1490 411 modicum.
1561 367 1713 420 Quare
1748 402 1756 410 .
1792 402 1799 410 .
1837 402 1845 409 .

222 439 505 491 mandamus,
546 439 760 494 quatinus
797 473 804 480 .
840 473 847 480 .
885 472 892 480 .
928 438 1095 480 librum
1130 473 1137 480 .
1174 473 1182 480 .
1219 473 1226 480 .
1261 439 1418 481 statim
1457 439 1553 481 sine
1585 452 1715 480 mora
1745 438 1847 480 illu-

221 508 394 550 minare
443 509 609 551 curetis
657 512 701 551 et
741 543 747 550 .
785 543 793 550 .
830 543 838 550 .
874 509 1045 563 absque
1091 509 1414 564 impedimento
1455 543 1463 550 .
1500 543 1507 551 .
1544 543 1552 551 .
1588 508 1846 551 deliberetis

223 579 343 621 dicto
376 580 574 621 Johanni
607 580 660 621 de
692 579 946 621 Prohomne
981 613 988 620 .
1025 613 1032 620 .
1069 612 1077 620 .
1112 579 1242 621 Alias
1282 593 1362 634 per
1394 583 1626 634 presentes
1658 579 1846 621 manda-

220 663 321 692 mus
352 649 531 692 iusticie
562 650 827 702 Darocensi,
862 650 982 704 quod
1015 650 1072 691 ad
1104 649 1452 704 requisicionem
1485 649 1594 691 dicti
1623 649 1651 690 J
1656 649 1846 691 ohannis

313 753 319 760 .
354 733 434 762 vos
479 720 583 761 inde
632 719 874 776 compellat
919 718 1101 761 fortiter
1149 722 1192 761 et
1238 719 1442 761 districte
1482 720 1538 761 ad
1570 720 1847 762 reddendum

221 790 366 832 eidem
398 790 565 833 librum
604 791 871 846 predictum.
936 791 1041 832 Dat.
1075 790 1221 832 Ilerde
1254 790 1351 831 VH.
1391 790 1610 833 kalendas
1644 789 1848 846 Septem-

221 860 316 903 bris
351 874 467 903 anno
501 860 671 903 domini
704 859 989 904 MCCCXHI.

361 935 401 973 4.
436 931 660 987 Magistro
709 932 942 973 Bernardo
988 930 1214 973 Gonterii:
1264 931 1474 986 Receptis
1517 933 1561 973 et
1605 930 1847 973 intellectis

220 1001 386 1044 litteris
412 1016 494 1058 per
519 1015 599 1045 VOS
623 1002 754 1044 nobis
779 1002 1018 1044 destinatis
1043 1015 1180 1057 super
1202 1001 1322 1043 facto
1345 1001 1468 1043 illius
1491 1001 1667 1043 salterii
1688 1002 1847 1054 nostri,

222 1073 343 1128 quod
382 1086 466 1128 pro
507 1072 806 1115 illuminando
850 1086 899 1114 eo
933 1072 1063 1115 vobis
1104 1072 1227 1114 tradi
1260 1072 1489 1123 iussimus,
1532 1071 1661 1114 vobis
1694 1072 1849 1113 taliter

221 1144 563 1199 respondemus,
597 1144 717 1199 quod
748 1177 755 1184 .
792 1178 799 1185 .
837 1177 844 1184 .
880 1144 1150 1186 mandamus
1175 1156 1401 1198 expresse,
1426 1142 1653 1197 quatinus,
1679 1142 1716 1184 si
1738 1155 1847 1183 non-

221 1214 329 1256 dum
350 1214 657 1256 illuminatum
677 1217 758 1267 est,
791 1214 941 1269 ipsum
965 1213 1087 1256 omni
1113 1226 1243 1255 mora
1271 1215 1314 1255 et
1336 1213 1555 1254 tarditate
1576 1212 1847 1267 postpositis

221 1284 479 1326 illuminare
525 1284 723 1339 perfecte
772 1284 953 1336 curetis,
1000 1284 1210 1339 quodque
1258 1283 1565 1324 illuminatum
1609 1283 1731 1324 tradi
1767 1296 1849 1338 per

220 1368 301 1397 vos
333 1355 532 1397 Johanni
555 1356 608 1397 de
634 1354 1033 1410 P1·0b0[h0mne]d>
1060 1389 1067 1395 .
1092 1388 1100 1396 .
1127 1388 1135 1396 .
1162 1353 1574 1409 Cesaraugustano.
1629 1353 1848 1396 Volumus

221 1431 265 1467 et
296 1427 580 1479 mandamus,
620 1428 670 1467 ut
700 1426 850 1482 ipsum
890 1425 1026 1480 ligari
1065 1424 1207 1467 faciat
1239 1423 1574 1479 Cesarauguste
1608 1429 1650 1466 et
1684 1424 1847 1479 aptari,

223 1499 270 1538 ut
316 1497 408 1538 iam
456 1496 542 1538 sibi
598 1496 803 1538 dedimus
853 1496 916 1551 [in
961 1496 1220 1550 mandatis].
1300 1494 1527 1547 Quoniam
1575 1496 1628 1537 de
1674 1494 1848 1537 istoriis

220 1566 447 1623 passionis
481 1565 664 1619 Christi,
700 1580 813 1623 quas
845 1567 977 1609 nobis
1004 1566 1254 1622 scripsistis
1287 1565 1401 1607 velle
1434 1565 1583 1607 facere
1605 1565 1651 1606 in
1683 1564 1849 1606 illumi-

220 1637 403 1679 natione
450 1637 687 1693 premissa,
736 1637 983 1692 [n]olumus
1033 1637 1086 1678 de
1136 1636 1198 1679 eis
1240 1649 1321 1679 vos
1370 1636 1693 1687 intromittere,
1744 1635 1849 1690 quia

220 1707 403 1760 sufficit,
436 1711 488 1749 ut
530 1708 700 1750 dictum
742 1708 978 1750 salterium
1013 1707 1147 1749 aliter
1189 1707 1284 1749 sine
1322 1706 1435 1762 ipsis
1476 1706 1649 1748 istoriis
1683 1706 1743 1747 sit
1776 1706 1848 1747 de-

220 1781 373 1820 center
389 1778 697 1821 illuminatum
707 1778 759 1833 d),
780 1813 787 1820 .
810 1813 817 1820 .
839 1812 847 1820 .
868 1779 1139 1821 mandamus
1156 1792 1238 1833 per
1261 1777 1398 1819 aliam
1420 1777 1621 1819 litteram
1644 1779 1848 1819 nostram

218 1849 398 1892 iusticie
424 1849 688 1901 Darocensi,
711 1850 834 1904 quod
856 1849 959 1891 inde
982 1862 1063 1891 vos
1092 1848 1335 1904 compellat
1356 1847 1538 1890 fortiter
1565 1849 1608 1888 et
1630 1846 1847 1889 districte.

220 1921 324 1962 Dat.
358 1920 642 1962 Barchinone
673 1920 729 1962 Π.
766 1933 908 1962 nonas
935 1919 1205 1962 Novembris
1230 1932 1345 1960 anno
1371 1917 1541 1960 domini
1563 1915 1847 1959 MCCCXHI.

362 1989 446 2034 Reg.
471 1989 541 2023 240
566 1989 593 2023 f.
622 1988 729 2031 188V3
761 1989 827 2022 241
855 1989 882 2025 f.
910 1990 941 2031 6,
975 1990 1000 2028 f,
1027 1989 1082 2023 35.
1115 1988 1141 2027 f,
1170 1989 1248 2022 74v,
1300 1988 1345 2022 Es
1371 1987 1460 2031 folgt
1491 1987 1553 2020 der
1578 1987 1677 2020 Brief
1709 1997 1753 2020 an
1780 1986 1847 2019 den

220 2048 356 2082 iusticia
381 2048 606 2090 Darocensis,
640 2048 717 2082 dass
744 2059 782 2082 er
808 2047 876 2082 den
901 2047 1129 2089 illuminator,
1156 2057 1258 2080 wenn
1283 2046 1389 2090 notig,
1421 2046 1485 2079 mit
1512 2045 1645 2079 Gewalt
1670 2056 1733 2078 zur
1758 2046 1848 2078 Aus-

220 2107 394 2151 liefemng
425 2107 486 2141 des
511 2107 650 2140 Buches
677 2108 822 2151 zwtngt3
857 2107 980 2140 fei-ner
1005 2106 1061 2140 ein
1086 2105 1278 2140 Schreiben
1310 2116 1354 2139 an
1386 2105 1564 2139 Johannes
1595 2103 1849 2138 Probohomne.

222 2227 322 2268 602.
356 2227 540 2281 Jaymes
562 2226 628 2267 II.
662 2225 975 2277 Verordnung
1005 2225 1126 2265 betr.
1160 2222 1310 2267 Streit
1340 2224 1456 2264 iiber
1488 2223 1576 2264 den
1598 2222 1852 2265 Unterhalt

222 2296 306 2339 der
337 2297 630 2339 Universitiit
661 2296 856 2338 Lei-ida:
896 2293 1023 2338 Statt
1060 2295 1140 2336 des
1176 2294 1457 2336 Zuschusses
1490 2292 1573 2334 der
1605 2291 1740 2335 Stadt
1771 2292 1851 2334 fiir

222 2366 421 2410 Bischof
458 2366 553 2408 und
592 2366 804 2420 Kapitel,
852 2365 928 2407 die
972 2365 1093 2407 dann
1140 2364 1221 2406 fiir
1264 2364 1340 2406 die
1370 2364 1548 2406 Lehrer
1595 2375 1649 2405 zu
1681 2374 1851 2415 sorgen

222 2438 401 2490 hatten,
439 2437 728 2478 iibernimmt
753 2436 875 2490 jetzt
907 2435 983 2478 die
1016 2433 1151 2478 Stadt
1183 2435 1258 2476 die
1290 2435 1594 2486 Versorgung
1626 2433 1710 2475 der
1742 2434 1849 2475 Uni-

222 2508 422 2550 versitat
451 2507 544 2549 und
578 2507 661 2548 der
682 2506 861 2549 Lehrer
891 2506 982 2548 und
1017 2506 1093 2547 die
1114 2505 1281 2547 beiden
1303 2505 1506 2546 anderen
1529 2504 1693 2545 zahlen
1715 2503 1851 2545 einen

223 2579 468 2620 Zuschuss.
542 2577 657 2619 Dein
695 2576 895 2619 Bischof
926 2577 1077 2618 bleibt
1115 2576 1191 2618 die
1229 2575 1478 2629 geistliche
1514 2574 1850 2617 Jurisdiktion.

222 2650 460 2701 Etwaiger
507 2646 657 2690 Streit
704 2648 820 2689 iiber
867 2646 981 2688 Zahl
1026 2647 1120 2688 und
1166 2645 1497 2699 Tauglichkeit
1543 2644 1627 2685 der
1673 2644 1852 2686 Lehrer

357 2717 649 2761 entscheidet
681 2718 764 2759 der
796 2715 967 2769 Kiinig.
1029 2716 1199 2758 Lei-ida
1232 2715 1343 2757 1313
1378 2715 1650 2768 September
1671 2714 1712 2755 4.

364 2801 416 2842 In
440 2798 610 2842 Christi
642 2799 833 2841 nomine.
884 2798 1104 2840 Noverint
1135 2797 1347 2849 universi,
1383 2797 1516 2852 quod,
1551 2809 1651 2837 cum
1674 2808 1756 2837 nos
1773 2795 1850 2836 Ja-

226 2872 364 2914 cobus
386 2870 472 2912 Dei
504 2870 659 2925 gracia
690 2882 770 2910 rex
793 2870 1073 2923 Aragonum,
1096 2868 1323 2920 Valencie,
1358 2866 1566 2910 Sardinie
1589 2869 1633 2907 et
1655 2863 1849 2916 Corsice,

225 2954 465 2996 comesque
486 2940 771 2982 Barchinone
802 2940 898 2980 tam
934 2937 1205 2980 auctoritate
1239 2937 1490 2993 apostolica
1524 2949 1659 2991 quam
1693 2938 1851 2977 nostra

294 3011 346 3038 601
367 3011 397 3055 (l)
423 3009 516 3044 Zwei
541 3010 683 3042 XVbrter
708 3008 838 3042 fehlen.

366 3092 501 3126 Finke,
524 3092 596 3118 Acta
617 3090 821 3124 Aragonensia.
1642 3075 1684 3109 59
