2296 3512
1061 273 1376 312 —670-

409 399 494 435 Min.
532 399 567 432 in
605 399 784 443 provincia
807 398 1022 443 Aragonensi
1058 398 1268 434 iiberreicht.
1323 398 1440 432 Dankt
1476 398 1549 432 und
1581 398 1703 432 sendet
1739 398 1811 432 ihm
1848 397 2032 432 Abschrif‘c

410 458 524 492 seines
548 458 688 492 Briefes
713 468 757 491 an
782 458 973 492 Friedrich.

410 567 509 606 421.
543 565 990 618 Minoritengeneral
1022 564 1287 607 Alexander
1318 577 1376 606 an
1408 565 1570 619 Jayme
1590 564 1678 606 IL:
1713 562 1822 606 Sein
1847 562 2033 606 Bruder

411 634 592 689 (Kiinig
623 635 893 692 Friedrich)
931 636 1207 689 begiinstigt
1253 634 1328 676 die
1365 634 1894 686 Minoritenfliichtlinge
1937 633 2032 675 und

411 706 651 759 empfiehlt
681 708 750 748 sie
780 707 955 762 Jayme.
1018 705 1095 750 Sie
1134 706 1451 758 untergraben
1493 705 1580 746 den
1613 704 1765 747 Orden
1811 704 1907 746 und
1948 703 2033 745 der

411 775 732 833 (kommende)
755 777 898 831 Papst
919 776 1037 819 wird
1059 776 1139 818 das
1160 776 1294 818 nicht
1316 774 1585 828 ungestraft
1605 774 1841 828 hingehen
1862 774 2031 816 lassen.

918 847 1087 901 Neapel
1120 847 1233 889 1314
1267 846 1452 899 August
1486 845 1524 887 1.

551 962 560 970 .
594 961 603 970 .
639 962 647 970 .
681 928 799 982 Quia
828 943 931 972 vero
963 929 1193 985 predictus
1217 928 1424 970 dominus
1451 927 1594 969 frater
1615 929 1766 969 vester
1795 927 1851 968 ad
1874 925 2025 968 defen-

410 999 581 1042 sionem
624 1002 667 1041 et
698 1000 1026 1055 protectionem
1058 1000 1242 1042 illorum
1274 998 1419 1041 nostri
1452 997 1623 1041 ordinis
1655 997 1954 1053 profugarum
1989 998 2033 1038 et

412 1072 773 1126 contemptorum
798 1084 849 1112 ac
867 1071 1102 1113 rebellium
1125 1071 1413 1113 sacrosancte
1436 1068 1597 1111 matris
1623 1067 1806 1110 ecclesie
1830 1067 2036 1109 totaliter

411 1153 458 1182 se
500 1144 765 1183 convertens
806 1143 926 1197 apud
966 1154 1058 1189 vos,
1091 1143 1141 1182 ut
1173 1140 1322 1190 audiO„
1356 1140 1449 1182 suis
1482 1139 1679 1181 intendit
1711 1151 1786 1181 eos
1818 1138 2034 1181 informa-

411 1210 610 1254 tionibus
644 1226 873 1261 excusare,
919 1211 1336 1267 circumspectionis
1368 1212 1517 1252 vestre
1556 1209 1788 1251 humiliter
1819 1210 2036 1264 deprecor

412 1282 681 1335 claritatem,
716 1283 930 1337 quatinus
961 1283 1043 1324 hec
1074 1281 1267 1323 firmiter
1300 1281 1506 1333 teneatis,
1540 1280 1657 1323 sicut
1689 1284 1732 1321 et
1763 1293 1920 1320 verum
1954 1281 2033 1331 est,

412 1354 531 1408 quod
575 1353 666 1396 illis
712 1353 967 1396 criminosis
1013 1356 1057 1395 et
1100 1353 1266 1395 vilibus
1310 1351 1502 1393 favendo
1541 1350 1748 1407 personis
1792 1351 1848 1392 ad
1890 1349 2036 1391 nostri

412 1423 582 1466 ordinis
616 1424 954 1467 subversionem
988 1423 1149 1465 nititur
1181 1426 1226 1465 et
1250 1422 1444 1465 intendit
1476 1436 1529 1464 ex
1556 1423 1703 1474 corde,
1737 1434 1869 1476 quem
1893 1432 2032 1475 supra

410 1493 589 1536 firmam
635 1498 814 1550 petram
861 1495 1099 1537 fundatum
1148 1496 1190 1536 et
1236 1493 1438 1549 positum
1487 1493 1639 1535 divina
1687 1491 1930 1533 clemencia
1973 1491 2029 1532 ab

411 1565 619 1608 omnibus
654 1565 1114 1620 conquassacionibus
1147 1564 1306 1620 procul
1339 1564 1475 1606 dnbio
1509 1562 1774 1614 defensabit,
1821 1562 1878 1604 ad
1910 1561 2032 1617 quod

410 1635 591 1689 fratres,
641 1636 847 1692 quamvis
895 1636 1125 1679 inbecilles
1174 1639 1217 1677 et
1258 1648 1481 1691 pauperes
1522 1634 1631 1676 totis
1673 1633 1835 1675 studiis
1876 1645 1923 1674 se
1957 1645 2031 1673 ex-

410 1710 590 1762 ponent.
654 1708 745 1749 Nec
778 1708 909 1749 debet
942 1708 1122 1749 credere
1155 1720 1234 1748 rex
1265 1705 1470 1758 illustris,
1506 1705 1627 1760 quod
1660 1704 1805 1759 capud
1846 1702 2031 1745 ecclesie

410 1781 564 1821 nostre
610 1776 817 1821 Christus
866 1782 909 1820 et
955 1778 1151 1820 vicarius
1191 1777 1335 1833 ipsius
1375 1777 1435 1829 id,
1476 1777 1595 1832 quod
1632 1775 1678 1817 in
1712 1774 2031 1816 detrimentum

412 1848 656 1891 christiane
688 1848 921 1904 religionis
954 1850 1208 1891 redundare
1241 1847 1535 1903 dignoscitur,
1558 1846 1708 1888 ferant
1732 1843 2031 1901 equanimiter

412 1919 483 1961 vel
515 1919 700 1962 silenter
733 1954 741 1961 .
778 1954 785 1961 .
823 1954 830 1961 .
894 1920 1015 1961 Data
1045 1919 1237 1975 Neapoli
1263 1918 1469 1960 kalendis
1492 1917 1690 1973 Augusti
1721 1929 1836 1958 anno
1861 1914 2031 1957 domini

414 1988 610 2033 MOCCCO
644 1993 807 2046 quarto
840 1991 1025 2032 decimo.

554 2060 642 2095 CRD
668 2061 770 2096 4956.
822 2060 879 2094 Or.
905 2060 988 2103 Pap.
1015 2060 1090 2103 Ssp.

412 2182 511 2221 422.
544 2180 705 2235 Jayme
730 2180 796 2221 II.
830 2192 887 2221 an
920 2178 1187 2221 Friedrich:
1221 2178 1434 2220 erinnert
1466 2190 1524 2219 an
1556 2177 1716 2219 seinen
1748 2175 1890 2219 Brief
1915 2176 2033 2217 iiber

413 2250 489 2292 die
521 2249 828 2304 Spiritualen3
869 2250 926 2292 da
964 2261 1015 2292 er
1053 2248 1242 2303 gehiirt,
1281 2248 1385 2290 dass
1423 2248 1669 2290 Friedrich
1708 2248 1876 2289 immer
1912 2246 2031 2288 noch

413 2321 585 2363 welche
623 2320 891 2373 aufnehme‚
930 2321 1093 2362 malint
1132 2331 1184 2361 er
1220 2319 1460 2361 nochmals
1499 2318 1727 2372 dringend
1761 2329 1850 2360 von
1881 2318 2031 2359 einem

413 2391 603 2433 solchen
621 2390 830 2434 Gebaren
852 2392 908 2433 ab
930 2391 1024 2433 und
1046 2390 1208 2433 sendet
1229 2391 1329 2431 ihm
1347 2390 1435 2432 den
1452 2389 1514 2431 fr.
1532 2389 1732 2432 Poncius
1751 2387 2031 2431 Carbonelli.

864 2462 1033 2503 Lerida
1067 2460 1179 2503 1314
1211 2459 1483 2515 September
1514 2459 1585 2502 25.

558 2577 565 2584 .
602 2577 610 2584 .
644 2576 652 2583 .
686 2542 804 2585 Sane
832 2544 938 2598 quia
965 2557 1082 2585 nunc
1111 2544 1394 2598 quorundam
1426 2542 1572 2584 relatu
1608 2541 1876 2593 audivimus,
1913 2539 2033 2595 quod

415 2615 578 2656 nedum
607 2612 771 2655 fratres
794 2614 987 2669 predicti
1013 2614 1202 2656 rebelles
1232 2627 1283 2655 ac
1304 2612 1495 2669 profuge
1522 2616 1590 2655 set
1612 2612 1765 2668 plures
1792 2611 1927 2654 etiam
1955 2609 2033 2651 alii

415 2684 599 2726 illorum
632 2683 867 2726 rebellioni
901 2688 944 2726 et
974 2684 1280 2726 inobediencie
1315 2684 1581 2725 adherentes
1616 2684 1673 2725 ad
1706 2685 1860 2738 partes
1893 2680 2033 2723 vestri

416 2754 603 2797 dominii
645 2754 1003 2797 transfretarunt
1054 2758 1096 2796 et
1142 2754 1254 2796 inibi
1296 2755 1378 2796 sub
1426 2753 1597 2796 favoris
1646 2756 1689 2795 et
1732 2751 2031 2808 protecciom's

415 2829 564 2868 vestre
606 2825 805 2881 presidio
846 2828 1136 2878 receptantur
1178 2839 1229 2866 ac
1271 2825 1412 2867 eciam
1451 2824 1766 2866 deffenduntur
1797 2836 1877 2864 nec
1907 2822 2031 2875 ipsos

414 2896 543 2938 iuxta
579 2896 890 2938 indnccionem
932 2898 975 2937 et
1009 2896 1244 2937 consilium
1288 2898 1495 2938 nostrum
1527 2894 1735 2937 voluistis
1776 2906 1855 2935 8811
1894 2892 2032 2934 vultis

417 2960 578 3008 abinde
611 2967 787 3008 abicere
820 2969 898 3007 aut
930 2979 1059 3021 opem
1092 2966 1364 3020 impendere,
1410 2966 1528 3020 quod
1559 2965 1627 3006 1111
1659 2965 1716 3005 ad
1748 2963 2032 3017 disciplinam

416 3037 525 3079 dicti
547 3037 716 3079 ordinis
743 3037 1028 3091 redigantur:
1062 3036 1281 3079 mirantes
1313 3036 1416 3077 inde
1440 3049 1575 3089 quam
1605 3034 1865 3091 plurimum,
1898 3032 1937 3076 si
1968 3033 2033 3076 810
