2296 3512
1051 255 1363 296 —882—

402 385 643 427 asistemus
666 383 867 436 consilio,
892 382 1060 425 auxilio
1084 387 1127 425 et
1149 383 1367 439 regimine
1390 396 1526 438 super
1553 382 1629 424 eis.
1693 383 1841 426 Unum
1869 385 2020 424 autem

402 454 668 512 paternitati
709 457 857 497 vestre
898 454 1094 496 scribere
1135 467 1224 496 non
1265 454 1458 496 vidimus
1492 453 1835 505 obmittendum,
1875 456 1944 495 set
1974 453 2022 494 id

402 527 530 568 vobis
568 525 853 581 presentibus
891 525 1171 567 intimamus:
1207 525 1379 580 cepisse
1411 525 1502 566 iam
1534 537 1687 579 regem
1728 523 2021 579 regnancium

403 597 523 639 circa
554 597 635 638 hec
671 595 942 637 mirabiliter
974 595 1167 651 operari,
1202 596 1308 650 quia
1331 609 1430 638 cum
1453 598 1670 651 tempore,
1695 608 1782 651 quo
1813 595 2021 637 dominus

402 667 675 723 prelibatum
702 679 853 721 regem
876 666 1195 708 Frederichum
1220 667 1276 709 ad
1299 667 1523 722 premissa
1546 679 1628 709 sua
1650 666 1820 721 pietate
1842 665 2023 707 vocavit

404 751 455 780 ac
488 737 646 780 celitus
680 736 913 793 aspiravit,
948 750 1028 779 nos
1062 737 1253 780 assimili
1285 738 1340 779 ad
1375 751 1505 780 suum
1539 737 1794 789 servicium,
1829 736 1905 792 qui
1938 736 2021 778 sub

402 808 642 851 mundanis
675 807 1054 850 sollicitudinibus
1096 808 1470 860 dormitabamus,
1517 809 1673 850 eodem
1715 811 1920 863 tempore
1965 806 2023 848 ad

404 878 730 921 exaltacionem
753 878 970 920 catholice
992 878 1097 920 fidei
1130 882 1173 920 et
1205 879 1539 934 depressionem
1573 882 1691 920 secte
1725 877 2023 920 Mahometice

404 949 636 1001 excitavit,
671 950 781 991 adeo
816 950 935 1004 quod
968 951 1026 992 ad
1059 950 1393 1005 depressionem
1418 952 1460 991 et
1483 949 1838 991 eradicacionem
1863 948 2023 991 Sarra-

404 1034 615 1063 cenorum
655 1020 792 1062 fetide
835 1020 1039 1063 nacionis
1083 1020 1128 1062 in
1175 1019 1397 1063 citerioris
1428 1020 1610 1076 Ispanie
1654 1020 1861 1076 partibus
1907 1019 2023 1061 exis-

403 1094 548 1134 tentes
593 1104 682 1132 uua
715 1104 814 1133 cum
847 1091 1087 1147 magnifico
1129 1091 1332 1146 principe
1374 1104 1480 1146 rege
1513 1089 1724 1143 Castelle,
1768 1091 1887 1133 votis
1930 1090 2023 1133 suis

405 1165 448 1204 et
479 1161 647 1204 nostris
680 1161 725 1203 in
751 1162 836 1204 hoc
861 1161 1135 1204 unanimiter
1162 1161 1462 1213 concordatis,
1489 1161 1580 1203 iam
1609 1165 1713 1203 actu
1741 1162 2023 1204 extendimus

404 1233 521 1275 vires
566 1236 760 1275 nostras.
840 1232 1042 1288 Denique
1091 1233 1302 1284 scientes,
1351 1246 1486 1287 quam
1533 1233 1747 1274 mundam
1799 1246 2024 1288 quamque

404 1307 607 1346 sanctam
656 1303 797 1344 vitam
845 1303 967 1345 ducit
1013 1309 1165 1345 vestra
1219 1305 1465 1345 reverenda
1511 1303 1768 1359 paternitas
1821 1303 2024 1359 vestigiis

405 1374 574 1416 domini
607 1377 649 1415 et
681 1374 924 1416 salvatoris
957 1374 1101 1417 nostri
1126 1374 1268 1416 Jhesu
1291 1373 1462 1417 Christi
1483 1374 1757 1417 mirabiliter
1778 1374 2024 1416 inherendo

404 1459 486 1488 nos
534 1448 578 1487 et
620 1449 825 1487 nostrum
880 1446 1061 1487 domum
1115 1448 1361 1501 nostraque
1413 1446 1601 1501 negocia
1644 1445 1809 1488 vestris
1854 1445 2052 1488 sanctis-

405 1516 617 1571 operibus
652 1521 694 1557 et
727 1516 1013 1559 oracionibus
1046 1517 1364 1559 comendantes
1403 1529 1619 1571 rogamus
1653 1516 1833 1559 assidue
1867 1519 1910 1558 et
1941 1529 2025 1571 pro

405 1600 588 1629 munere
631 1587 858 1642 poscimus
909 1587 1108 1642 speciali,
1155 1590 1205 1629 ut
1255 1601 1336 1630 nos
1377 1591 1419 1629 et
1460 1588 1711 1643 predictam
1754 1588 1938 1629 domum
1982 1589 2026 1629 et

405 1660 563 1700 nostra
609 1657 796 1713 negocia
842 1658 1008 1699 habere
1056 1659 1234 1713 placeat
1283 1659 1328 1700 in
1377 1658 1593 1714 predictis
1643 1658 1812 1701 sanctis
1863 1658 2024 1700 vestris

406 1728 618 1784 operibus
651 1730 955 1782 comendatos,
989 1733 1224 1785 sperantes
1247 1744 1300 1771 ex
1323 1730 1407 1772 hoc
1428 1729 1623 1772 firmiter
1647 1732 1690 1771 et
1711 1728 2026 1784 temporaliter

407 1802 450 1840 et
488 1799 788 1854 spiritualiter
826 1799 1044 1842 adiuvari.
1115 1799 1162 1842 Si
1201 1813 1291 1856 qua
1329 1800 1376 1842 in
1414 1800 1565 1855 reguis
1605 1802 1649 1842 et
1680 1800 1822 1842 terris
1854 1799 2024 1842 nostris

406 1870 585 1925 placida
617 1871 744 1913 vobis
778 1871 1069 1923 occurrerint,
1102 1870 1373 1913 fiducialiter
1395 1871 1654 1927 requiratis,
1682 1874 1835 1927 presto
1860 1870 2024 1913 etenim

407 1954 561 1983 sumus
595 1941 763 1984 servire
804 1941 1055 1984 liberaliter
1085 1942 1204 1984 votis
1244 1942 1420 1985 vestris.
1485 1943 1586 1984 Dat.
1628 1942 1912 1984 Barchinone
1944 1941 2023 1984 ΙΙΙ.

407 2013 507 2054 idus
539 2012 663 2053 ‚Iunii
697 2025 812 2053 anno
846 2013 1015 2055 domini
1049 2011 1238 2056 CCCIX.

550 2080 732 2125 Certum
781 2086 862 2135 est,
920 2084 1039 2138 quod
1095 2085 1152 2125 ad
1198 2085 1463 2126 mandatum
1514 2084 1634 2139 regis
1681 2084 1914 2126 Bernardo
1971 2084 2026 2125 de

407 2154 641 2195 Auersone
671 2157 879 2196 oretenus
912 2154 1081 2196 factum
1114 2154 1363 2210 prescripte
1396 2154 1600 2210 proxime
1622 2155 1866 2210 registrate
1893 2155 2024 2209 due3)

407 2224 557 2266 littere
598 2223 779 2265 fuerunt
821 2225 1026 2280 expedite
1069 2225 1238 2280 absque
1283 2225 1412 2281 signo
1446 2225 1705 2267 cancellarii
1749 2229 1792 2268 et
1824 2226 2025 2268 vicecan-

409 2294 592 2336 cellarii.
656 2295 876 2337 Dominus
909 2295 1025 2338 enim
1064 2309 1143 2337 rex
1181 2295 1305 2350 ipsas
1346 2297 1458 2339 duas
1497 2296 1675 2339 litteras
1708 2297 1899 2340 tradidit
1930 2311 2026 2340 ma-

408 2365 603 2407 nualiter
636 2365 753 2406 dicto
786 2365 1017 2407 Bernardo
1051 2366 1116 2408 sic
1148 2366 1414 2421 sigillandas
1448 2370 1491 2409 et
1524 2367 1844 2423 expediendas.

550 2435 632 2478 Reg.
660 2435 727 2469 335
754 2434 779 2468 f.
806 2434 886 2469 295.

412 2579 507 2619 560.
544 2578 710 2620 Petrus
742 2578 1045 2620 miseratione
1077 2578 1234 2621 divina
1265 2591 1301 2621 s.
1324 2580 1529 2622 Romane
1569 2580 1764 2622 ecclesie
1804 2581 2026 2623 diaconus

410 2648 661 2690 cardinalis
693 2647 935 2702 (Colonna)
969 2648 1078 2702 [und
1101 2651 1149 2691 in
1173 2650 1382 2703 gleicher
1403 2651 1556 2693 Weise
1587 2650 1822 2705 Napoleon
1849 2651 2024 2705 Orsini]

411 2731 468 2761 an
499 2720 659 2774 Jayme
690 2719 779 2761 Π.;
810 2719 990 2761 Frende
1021 2721 1136 2761 iiber
1168 2720 1242 2762 die
1275 2720 1682 2775 Kreuzzugspl'ane
1717 2721 1796 2763 des
1829 2720 2025 2775 KiinigS‚

410 2790 527 2831 iiber
566 2789 641 2832 die
673 2790 771 2831 ihm
808 2790 907 2832 sein
944 2790 1129 2832 Freund
1166 2791 1342 2833 Arnald
1379 2803 1467 2834 von
1490 2792 1733 2834 villanova
1769 2793 2024 2843 berichtet3

411 2859 827 2914 Bereitwilligkeit
863 2861 1190 2913 mitzuhelfen3
1230 2861 1306 2904 die
1347 2861 1530 2915 gleiche
1564 2860 1838 2916 Gesinnung
1868 2861 2026 2916 Konig

480 2976 533 3002 560
552 2975 579 3017 3)
604 2976 647 3012 D.
673 2976 707 3010 h.
734 2977 846 3011 dieser
870 2976 968 3011 Brief
1004 2977 1075 3011 und
1101 2978 1163 3011 der
1199 2988 1243 3012 an
1269 2978 1459 3020 Friedrich,
1497 2979 1558 3012 der
1582 2978 1608 3015 f.
1636 2978 1705 3013 295
1741 2978 1812 3012 und
1838 2978 1905 3013 337
1933 2978 2027 3012 steht

411 3045 498 3079 ganz
523 3034 681 3079 gleichen
707 3035 850 3070 Inhalts.
