2296 3512
903 272 1221 311 —925—

246 398 405 438 sancte
439 396 595 449 Marie,
630 411 761 452 quem
794 411 876 453 per
907 398 1093 440 fratrem
1127 400 1350 443 Jacobum
1378 403 1431 444 de
1455 402 1708 459 Garrigans
1735 404 1873 446 scribi

249 465 498 519 mandavit,
527 467 728 510 rescribo
761 483 878 510 nunc
909 469 998 524 ipsi
1031 470 1211 513 domino
1244 472 1353 527 regi,
1387 473 1550 516 mitens
1583 474 1670 517 sibi
1692 474 1871 516 literam

250 535 386 578 michi
419 537 638 579 directam
670 552 752 594 per
783 542 1013 593 gerentem
1046 540 1166 583 vices
1200 541 1365 596 prioris
1391 542 1585 586 fratrum
1614 545 1871 588 Predicato-

249 621 349 648 rum
398 607 832 652 Terrachonensium
882 612 925 651 et
974 612 1197 665 quendam
1249 612 1415 654 librum
1468 628 1631 667 meum,
1684 615 1729 658 in
1783 629 1870 671 quo

247 677 400 732 alique
441 680 546 719 sunt
587 679 822 722 oraciones
862 680 1030 722 inserte
1069 681 1182 723 satis
1215 683 1419 737 devoteb)
1455 718 1462 725 .
1500 719 1506 726 .
1543 719 1550 727 .
1584 689 1733 728 vestre
1765 700 1871 742 pru-

250 747 403 789 dencie
437 750 489 790 de
522 749 737 804 predictis
778 754 986 794 constare
1033 752 1203 807 poterit
1234 766 1316 808 per
1347 754 1527 797 literam
1560 757 1741 799 domino
1774 757 1871 812 regi

248 832 331 874 per
361 833 432 861 me
464 820 567 862 inde
600 821 777 863 noviter
809 822 1041 874 directam,
1075 824 1192 865 unde
1224 827 1423 866 vestram
1456 826 1673 882 deprecor
1719 827 1870 883 probi-

248 891 404 943 tatem,
448 894 671 945 quatenus
705 892 825 934 circa
857 906 921 945 ea,
958 907 1041 948 que
1075 894 1255 936 domino
1290 895 1386 950 regi
1419 897 1568 939 scribo
1596 897 1869 941 notificando

248 959 335 1002 sibi
359 962 402 1002 et
429 962 485 1003 ad
517 961 784 1004 memoriani
817 964 1070 1006 reducendo
1102 964 1274 1007 instare
1298 966 1557 1021 dignemini,
1583 969 1701 1023 quod
1728 969 1869 1011 domi-

245 1044 330 1074 nus
376 1045 454 1073 rex
501 1045 630 1074 suum
676 1033 812 1075 michi
856 1034 1080 1076 rescribat
1123 1035 1456 1091 beneplacitum
1503 1042 1546 1079 et
1590 1040 1868 1092 mandatum,

245 1104 521 1145 reservando
570 1104 639 1145 vel
685 1105 936 1146 remitendo
985 1105 1121 1147 michi
1175 1107 1344 1149 (lictum
1396 1122 1545 1150 meum
1599 1109 1777 1162 librum,
1831 1110 1870 1153 si

245 1175 397 1215 tamen
432 1174 640 1217 dominus
674 1189 753 1217 rex
786 1176 936 1231 ipsum
959 1176 1155 1219 noluerit
1177 1178 1385 1220 retinere.
1448 1180 1498 1221 In
1522 1179 1609 1222 fine
1631 1194 1737 1223 vero
1761 1181 1870 1223 dicti

242 1243 331 1285 mei
364 1243 469 1286 libri
502 1246 587 1287 feci
620 1259 701 1301 per
732 1247 903 1288 dictum
936 1248 1125 1290 fratrem
1157 1248 1378 1291 Jacobum
1412 1250 1550 1293 scribi
1580 1254 1674 1294 tres
1696 1251 1868 1295 formas

245 1313 375 1356 litere
407 1317 614 1369 rotunde,
650 1318 760 1359 adeo
794 1322 843 1359 ut
877 1318 1085 1361 dominus
1117 1333 1197 1361 rex
1231 1320 1382 1375 eligat,
1410 1321 1464 1363 de
1491 1335 1581 1376 qua
1604 1335 1681 1364 seu
1706 1322 1867 1377 quibus

243 1384 402 1428 formis
448 1387 754 1441 predictarum
800 1388 981 1441 librum,
1028 1403 1159 1444 quem
1203 1391 1438 1433 mandavit
1480 1391 1592 1445 fieri,
1634 1406 1712 1435 seu
1754 1394 1867 1436 alios

238 1456 332 1499 sibi
365 1470 446 1512 per
480 1457 650 1499 dictum
682 1457 873 1501 fratrem
903 1460 1094 1514 jusserit
1116 1461 1464 1504 conscribendos
1497 1497 1505 1504 .
1542 1496 1549 1504 .
1585 1497 1593 1504 .
1628 1464 1731 1505 Dat.
1756 1465 1867 1506 Der-

242 1530 345 1569 tuse
379 1527 524 1583 pridie
558 1542 700 1571 nonas
734 1530 1015 1573 Novembris.

384 1620 716 1678 Congregavil)
752 1637 906 1667 omnes
939 1624 1119 1678 fratres,
1155 1639 1230 1669 eos
1261 1625 1564 1683 interrogans,
1589 1628 1628 1671 si
1649 1629 1866 1671 haberent

240 1691 379 1735 horas
415 1693 545 1735 beate
573 1694 779 1749 virginis,
814 1708 927 1750 quas
959 1697 1198 1751 petebatis.
1261 1698 1319 1739 Et
1350 1711 1438 1740 non
1472 1698 1621 1740 inveni
1656 1699 1863 1755 aliquem.

236 1762 319 1818 'qui
363 1764 563 1806 haberet.
629 1765 796 1808 Omnes
845 1766 963 1808 6111111
1010 1766 1177 1810 fratres
1224 1768 1397 1810 iaciunt
1448 1770 1676 1824 predictas
1729 1771 1865 1814 horas

242 1835 512 1877 cordetenus
537 1838 580 1877 et
603 1836 668 1878 sic
685 1850 773 1877 non
792 1837 972 1879 habent.
1017 1836 1226 1880 Ceterum
1247 1839 1412 1893 audivi,
1432 1841 1551 1895 quod
1569 1840 1711 1883 frater
1731 1843 1864 1885 Jaco-

240 1905 325 1947 bus
370 1905 422 1947 de
465 1906 626 1948 Olzina
667 1907 980 1951 Maioricensis
1022 1912 1231 1964 asportat
1272 1911 1326 1952 de
1366 1911 1568 1954 Parisius
1605 1912 1711 1954 filiis
1743 1914 1864 1968 regis

239 1976 471 2030 predictas
505 1977 642 2019 horas
675 1979 831 2031 bonas,
874 1979 1072 2034 pulcras,
1107 1981 1341 2024 ordinatas
1385 1985 1429 2023 et
1470 1983 1581 2025 bene
1622 1987 1862 2037 correctas,

240 2059 340 2087 cum
376 2047 646 2102 quibusdam
682 2048 793 2091 aliis.
851 2050 1010 2092 Valete
1044 2053 1087 2092 et
1131 2064 1213 2106 pro
1258 2051 1403 2104 nobis,
1443 2053 1482 2095 si
1519 2054 1682 2109 placet,
1722 2060 1861 2097 orate.

237 2117 342 2158 Dat.
379 2117 662 2161 Terrachone
695 2120 740 2161 in
773 2120 888 2163 festo
923 2121 1134 2163 Omnium
1168 2126 1442 2165 sanctorum.

377 2211 466 2246 CRD
496 2213 537 2247 13
546 2212 626 2246 006.
666 2212 722 2247 Or.
738 2213 820 2258 Pap.
835 2213 910 2258 Ssp.
937 2214 1008 2248 Der
1027 2215 1140 2260 Konig
1159 2215 1254 2249 hatte
1273 2216 1431 2261 verlangt
1450 2218 1521 2251 die:
1541 2218 1626 2252 11016
1645 2218 1744 2253 beate
1757 2230 1862 2263 gene-

234 2269 331 2303 tricis
352 2270 417 2304 Dei
441 2270 550 2304 Marie
570 2271 667 2306 iuxta
686 2273 972 2307 consuetudinem
996 2274 1127 2308 ordinis
1146 2275 1296 2309 fratmm
1314 2275 1584 2311 Predicatorum.
1617 2277 1707 2313 CRD
1730 2278 1861 2313 13029·

234 2328 353 2362 Ueber
372 2329 425 2363 die
443 2329 673 2364 interessante
692 2330 966 2366 Personlichkeit
991 2333 1051 2367 des
1069 2333 1271 2368 Schreibers
1296 2336 1328 2369 J.
1347 2335 1389 2369 de
1409 2336 1604 2381 Garrigans,
1631 2337 1692 2371 des
1713 2337 1862 2371 friihern

232 2387 410 2431 Templers
437 2389 507 2422 und
532 2389 687 2433 jetzigen
713 2389 989 2434 Dominikaners,
1016 2395 1083 2436 vgl.
1110 2393 1228 2435 Finke,
1262 2393 1443 2437 Papsttum
1474 2396 1546 2429 und
1571 2395 1774 2440 Untergang
1801 2397 1861 2430 des

233 2446 526 2490 Templerordens
551 2448 587 2482 ΙΙ
613 2448 646 2482 S.
674 2449 776 2485 6111,

376 2615 473 2654 597.
523 2614 661 2656 Vidal
694 2614 749 2656 de
770 2616 1015 2658 villanova
1049 2630 1107 2659 an
1128 2618 1289 2673 Jayme
1310 2620 1401 2661 IL:
1435 2619 1752 2674 Hagelschlag
1784 2633 1857 2662 am

224 2683 273 2726 4.
291 2684 392 2728 Juli
423 2684 473 2725 in
505 2685 699 2736 Xativa3
734 2686 864 2728 Bitte
908 2687 987 2729 (les
1019 2687 1161 2730 Rates
1203 2701 1260 2730 an
1292 2690 1389 2744 ihn,
1428 2690 1515 2732 den
1548 2689 1756 2733 Schaden
1803 2704 1858 2733 zu

235 2755 552 2808 besichtigen3
587 2756 655 2797 sie
686 2756 855 2810 planen
888 2757 963 2799 die
989 2758 1134 2800 Hfflfe
1167 2759 1245 2801 (les
1272 2759 1452 2814 Kiinigs
1479 2761 1733 2803 anzurufen
1765 2762 1859 2804 und

234 2826 470 2868 brauchen
524 2826 639 2868 (lazu
690 2827 827 2869 vidal
879 2828 948 2870 als
1001 2829 1333 2883 Fiirsprecher.
1394 2831 1459 2873 Er
1501 2832 1730 2874 schildert
1770 2832 1856 2874 den

374 2919 404 2962 b)
431 2919 522 2953 Zwei
548 2919 690 2952 NVoi‘ter
714 2919 843 2955 fehlen.

376 3048 399 3090 1)
426 3049 639 3092 Angeheftet
670 3051 827 3083 Antwort
853 3049 913 3083 des
944 3049 1270 3086 stellvertretenden
1295 3052 1412 3087 Priors
1438 3052 1637 3087 Bernardus
1660 3053 1854 3098 Dura[n]di.
