<?xml version="1.0" encoding="UTF-8"?>
<!DOCTYPE html PUBLIC "-//W3C//DTD XHTML 1.0 Transitional//EN"
    "http://www.w3.org/TR/xhtml1/DTD/xhtml1-transitional.dtd">
<html xmlns="http://www.w3.org/1999/xhtml" xml:lang="en" lang="en">
 <head>
  <title>
</title>
<meta http-equiv="Content-Type" content="text/html;charset=utf-8" />
  <meta name='ocr-system' content='tesseract 3.04.00' />
  <meta name='ocr-capabilities' content='ocr_page ocr_carea ocr_par ocr_line ocrx_word'/>
</head>
<body>
  <div class='ocr_page' id='page_1' title='image "./actaaragonensiaq02finkuoft_0060.png"; bbox 0 0 2296 3512; ppageno 0'>
   <div class='ocr_carea' id='block_1_1' title="bbox 1121 224 1440 264">
    <p class='ocr_par' dir='ltr' id='par_1_1' title="bbox 1121 224 1440 264">
     <span class='ocr_line' id='line_1_1' title="bbox 1121 224 1440 264; baseline 0 0"><span class='ocrx_word' id='word_1_1' title='bbox 1121 224 1440 264; x_wconf 76' lang='lat'>—564—</span> 
     </span>
    </p>
   </div>
   <div class='ocr_carea' id='block_1_2' title="bbox 472 350 2093 690">
    <p class='ocr_par' dir='ltr' id='par_1_2' title="bbox 472 350 2093 690">
     <span class='ocr_line' id='line_1_2' title="bbox 472 350 2090 406; baseline -0.002 -10"><span class='ocrx_word' id='word_1_2' title='bbox 472 354 664 396; x_wconf 90' lang='lat' dir='ltr'>termino</span> <span class='ocrx_word' id='word_1_3' title='bbox 698 352 937 395; x_wconf 80' lang='lat' dir='ltr'>intraverit</span> <span class='ocrx_word' id='word_1_4' title='bbox 970 354 1013 393; x_wconf 90' lang='lat' dir='ltr'>et</span> <span class='ocrx_word' id='word_1_5' title='bbox 1044 351 1107 393; x_wconf 90' lang='lat' dir='ltr'>ibi</span> <span class='ocrx_word' id='word_1_6' title='bbox 1139 351 1317 393; x_wconf 90' lang='lat' dir='ltr'>steterit</span> <span class='ocrx_word' id='word_1_7' title='bbox 1347 364 1429 406; x_wconf 91' lang='lat' dir='ltr'>per</span> <span class='ocrx_word' id='word_1_8' title='bbox 1459 364 1598 393; x_wconf 91' lang='lat' dir='ltr'>unum</span> <span class='ocrx_word' id='word_1_9' title='bbox 1629 364 1843 393; x_wconf 90' lang='lat' dir='ltr'>mensem.</span> <span class='ocrx_word' id='word_1_10' title='bbox 1896 351 1954 392; x_wconf 91' lang='lat' dir='ltr'>Et</span> <span class='ocrx_word' id='word_1_11' title='bbox 1977 350 2090 393; x_wconf 87' lang='lat' dir='ltr'>alios</span> 
     </span>
     <span class='ocr_line' id='line_1_3' title="bbox 473 421 2091 477; baseline -0.003 -10"><span class='ocrx_word' id='word_1_12' title='bbox 473 424 707 467; x_wconf 80' lang='lat' dir='ltr'>duodecim</span> <span class='ocrx_word' id='word_1_13' title='bbox 738 422 865 465; x_wconf 77' lang='lat' dir='ltr'>milia</span> <span class='ocrx_word' id='word_1_14' title='bbox 898 424 942 464; x_wconf 91' lang='lat' dir='ltr'>et</span> <span class='ocrx_word' id='word_1_15' title='bbox 974 421 1244 477; x_wconf 84' lang='lat' dir='ltr'>quingentos</span> <span class='ocrx_word' id='word_1_16' title='bbox 1283 422 1478 464; x_wconf 89' lang='lat' dir='ltr'>florenos</span> <span class='ocrx_word' id='word_1_17' title='bbox 1513 421 1613 463; x_wconf 90' lang='lat' dir='ltr'>auri</span> <span class='ocrx_word' id='word_1_18' title='bbox 1645 435 1671 463; x_wconf 87' lang='lat' dir='ltr'>a</span> <span class='ocrx_word' id='word_1_19' title='bbox 1702 422 1772 463; x_wconf 90' lang='lat' dir='ltr'>die</span> <span class='ocrx_word' id='word_1_20' title='bbox 1801 421 1920 463; x_wconf 87' lang='lat' dir='ltr'>facte</span> <span class='ocrx_word' id='word_1_21' title='bbox 1946 421 2091 477; x_wconf 92' lang='lat' dir='ltr'>prime</span> 
     </span>
     <span class='ocr_line' id='line_1_4' title="bbox 473 492 2090 548; baseline -0.004 -10"><span class='ocrx_word' id='word_1_22' title='bbox 473 494 711 538; x_wconf 78' lang='lat' dir='ltr'>solutionis</span> <span class='ocrx_word' id='word_1_23' title='bbox 757 496 961 548; x_wconf 89' lang='lat' dir='ltr'>tempore</span> <span class='ocrx_word' id='word_1_24' title='bbox 1004 492 1207 548; x_wconf 89' lang='lat' dir='ltr'>predicto</span> <span class='ocrx_word' id='word_1_25' title='bbox 1256 492 1376 534; x_wconf 84' lang='lat' dir='ltr'>infra</span> <span class='ocrx_word' id='word_1_26' title='bbox 1423 492 1666 534; x_wconf 88' lang='lat' dir='ltr'>terminum</span> <span class='ocrx_word' id='word_1_27' title='bbox 1700 492 1838 534; x_wconf 86' lang='lat' dir='ltr'>trium</span> <span class='ocrx_word' id='word_1_28' title='bbox 1869 492 2090 535; x_wconf 81' lang='lat' dir='ltr'>mensium</span> 
     </span>
     <span class='ocr_line' id='line_1_5' title="bbox 473 562 2093 621; baseline -0.002 -14"><span class='ocrx_word' id='word_1_29' title='bbox 473 565 544 607; x_wconf 89' lang='lat' dir='ltr'>vel</span> <span class='ocrx_word' id='word_1_30' title='bbox 590 564 737 621; x_wconf 79' lang='lat' dir='ltr'>prius,</span> <span class='ocrx_word' id='word_1_31' title='bbox 786 564 825 606; x_wconf 90' lang='lat' dir='ltr'>si</span> <span class='ocrx_word' id='word_1_32' title='bbox 869 563 997 619; x_wconf 88' lang='lat' dir='ltr'>prius</span> <span class='ocrx_word' id='word_1_33' title='bbox 1045 563 1213 605; x_wconf 87' lang='lat' dir='ltr'>dictam</span> <span class='ocrx_word' id='word_1_34' title='bbox 1257 563 1453 605; x_wconf 88' lang='lat' dir='ltr'>insulam</span> <span class='ocrx_word' id='word_1_35' title='bbox 1500 562 1823 618; x_wconf 84' lang='lat' dir='ltr'>subiugaverit.</span> <span class='ocrx_word' id='word_1_36' title='bbox 1885 563 1943 605; x_wconf 92' lang='lat' dir='ltr'>Et</span> <span class='ocrx_word' id='word_1_37' title='bbox 1976 562 2093 604; x_wconf 89' lang='lat' dir='ltr'>dicte</span> 
     </span>
     <span class='ocr_line' id='line_1_6' title="bbox 474 633 1820 690; baseline -0.003 -10"><span class='ocrx_word' id='word_1_38' title='bbox 474 636 720 681; x_wconf 84' lang='lat' dir='ltr'>solutiones</span> <span class='ocrx_word' id='word_1_39' title='bbox 752 648 836 690; x_wconf 92' lang='lat' dir='ltr'>pro</span> <span class='ocrx_word' id='word_1_40' title='bbox 868 634 970 690; x_wconf 90' lang='lat' dir='ltr'>ipso</span> <span class='ocrx_word' id='word_1_41' title='bbox 1003 634 1183 676; x_wconf 87' lang='lat' dir='ltr'>comuni</span> <span class='ocrx_word' id='word_1_42' title='bbox 1214 633 1322 675; x_wconf 89' lang='lat' dir='ltr'>fient</span> <span class='ocrx_word' id='word_1_43' title='bbox 1354 633 1401 675; x_wconf 88' lang='lat' dir='ltr'>in</span> <span class='ocrx_word' id='word_1_44' title='bbox 1433 633 1820 688; x_wconf 89' lang='lat' dir='ltr'>Montepesulano.</span> 
     </span>
    </p>
   </div>
   <div class='ocr_carea' id='block_1_3' title="bbox 472 715 2096 1127">
    <p class='ocr_par' dir='ltr' id='par_1_3' title="bbox 472 715 2096 1127">
     <span class='ocr_line' id='line_1_7' title="bbox 612 715 2093 770; baseline -0.001 -11"><span class='ocrx_word' id='word_1_45' title='bbox 612 719 727 760; x_wconf 88' lang='lat' dir='ltr'>Item</span> <span class='ocrx_word' id='word_1_46' title='bbox 769 716 906 759; x_wconf 89' lang='lat' dir='ltr'>faciet</span> <span class='ocrx_word' id='word_1_47' title='bbox 947 730 1134 759; x_wconf 89' lang='lat' dir='ltr'>comune</span> <span class='ocrx_word' id='word_1_48' title='bbox 1166 715 1393 758; x_wconf 89' lang='lat' dir='ltr'>Florentie</span> <span class='ocrx_word' id='word_1_49' title='bbox 1427 729 1638 770; x_wconf 81' lang='lat' dir='ltr'>guerram</span> <span class='ocrx_word' id='word_1_50' title='bbox 1673 719 1831 758; x_wconf 87' lang='lat' dir='ltr'>contra</span> <span class='ocrx_word' id='word_1_51' title='bbox 1864 715 2093 758; x_wconf 62' lang='lat' dir='ltr'>civitatem</span> 
     </span>
     <span class='ocr_line' id='line_1_8' title="bbox 472 785 2094 844; baseline -0.004 -11"><span class='ocrx_word' id='word_1_52' title='bbox 472 791 681 833; x_wconf 89' lang='lat' dir='ltr'>Pisarum</span> <span class='ocrx_word' id='word_1_53' title='bbox 699 801 782 844; x_wconf 87' lang='lat' dir='ltr'>pro</span> <span class='ocrx_word' id='word_1_54' title='bbox 798 800 933 843; x_wconf 89' lang='lat' dir='ltr'>posse</span> <span class='ocrx_word' id='word_1_55' title='bbox 953 789 996 829; x_wconf 91' lang='lat' dir='ltr'>et</span> <span class='ocrx_word' id='word_1_56' title='bbox 1015 787 1185 829; x_wconf 88' lang='lat' dir='ltr'>viribus</span> <span class='ocrx_word' id='word_1_57' title='bbox 1204 786 1298 828; x_wconf 90' lang='lat' dir='ltr'>suis</span> <span class='ocrx_word' id='word_1_58' title='bbox 1315 788 1357 828; x_wconf 93' lang='lat' dir='ltr'>et</span> <span class='ocrx_word' id='word_1_59' title='bbox 1372 785 1570 828; x_wconf 80' lang='lat' dir='ltr'>maxime</span> <span class='ocrx_word' id='word_1_60' title='bbox 1584 789 1802 842; x_wconf 76' lang='lat' dir='ltr'>tempore,</span> <span class='ocrx_word' id='word_1_61' title='bbox 1818 787 1937 842; x_wconf 86' lang='lat' dir='ltr'>quod</span> <span class='ocrx_word' id='word_1_62' title='bbox 1953 785 2094 828; x_wconf 91' lang='lat' dir='ltr'>domi-</span> 
     </span>
     <span class='ocr_line' id='line_1_9' title="bbox 472 855 2095 912; baseline -0.005 -8"><span class='ocrx_word' id='word_1_63' title='bbox 472 874 557 904; x_wconf 90' lang='lat' dir='ltr'>nus</span> <span class='ocrx_word' id='word_1_64' title='bbox 589 873 670 902; x_wconf 81' lang='lat' dir='ltr'>rex</span> <span class='ocrx_word' id='word_1_65' title='bbox 702 858 789 900; x_wconf 89' lang='lat' dir='ltr'>erit</span> <span class='ocrx_word' id='word_1_66' title='bbox 819 858 865 899; x_wconf 91' lang='lat' dir='ltr'>in</span> <span class='ocrx_word' id='word_1_67' title='bbox 892 857 1042 900; x_wconf 89' lang='lat' dir='ltr'>insula</span> <span class='ocrx_word' id='word_1_68' title='bbox 1069 855 1286 899; x_wconf 83' lang='lat' dir='ltr'>Sardinee</span> <span class='ocrx_word' id='word_1_69' title='bbox 1310 855 1624 912; x_wconf 88' lang='lat' dir='ltr'>suprascripto</span> <span class='ocrx_word' id='word_1_70' title='bbox 1647 857 1795 899; x_wconf 91' lang='lat' dir='ltr'>modo.</span> <span class='ocrx_word' id='word_1_71' title='bbox 1846 858 1937 899; x_wconf 90' lang='lat' dir='ltr'>Nec</span> <span class='ocrx_word' id='word_1_72' title='bbox 1959 856 2095 898; x_wconf 85' lang='lat' dir='ltr'>faciet</span> 
     </span>
     <span class='ocr_line' id='line_1_10' title="bbox 475 927 2095 982; baseline -0.004 -8"><span class='ocrx_word' id='word_1_73' title='bbox 475 932 644 974; x_wconf 90' lang='lat' dir='ltr'>dictum</span> <span class='ocrx_word' id='word_1_74' title='bbox 667 942 855 972; x_wconf 89' lang='lat' dir='ltr'>comune</span> <span class='ocrx_word' id='word_1_75' title='bbox 874 928 1102 971; x_wconf 86' lang='lat' dir='ltr'>Florentie</span> <span class='ocrx_word' id='word_1_76' title='bbox 1125 942 1227 969; x_wconf 88' lang='lat' dir='ltr'>cum</span> <span class='ocrx_word' id='word_1_77' title='bbox 1250 927 1429 969; x_wconf 91' lang='lat' dir='ltr'>comuni</span> <span class='ocrx_word' id='word_1_78' title='bbox 1446 927 1654 970; x_wconf 90' lang='lat' dir='ltr'>Pisarum</span> <span class='ocrx_word' id='word_1_79' title='bbox 1677 941 1848 982; x_wconf 83' lang='lat' dir='ltr'>pacem,</span> <span class='ocrx_word' id='word_1_80' title='bbox 1872 930 2095 982; x_wconf 82' lang='lat' dir='ltr'>treguam,</span> 
     </span>
     <span class='ocr_line' id='line_1_11' title="bbox 475 997 2096 1054; baseline -0.004 -9"><span class='ocrx_word' id='word_1_81' title='bbox 475 1000 762 1045; x_wconf 78' lang='lat' dir='ltr'>concordiam</span> <span class='ocrx_word' id='word_1_82' title='bbox 803 999 875 1041; x_wconf 90' lang='lat' dir='ltr'>vel</span> <span class='ocrx_word' id='word_1_83' title='bbox 919 1002 1103 1054; x_wconf 90' lang='lat' dir='ltr'>pactum</span> <span class='ocrx_word' id='word_1_84' title='bbox 1142 999 1214 1040; x_wconf 77' lang='lat' dir='ltr'>vel</span> <span class='ocrx_word' id='word_1_85' title='bbox 1247 997 1444 1053; x_wconf 85' lang='lat' dir='ltr'>aliquem</span> <span class='ocrx_word' id='word_1_86' title='bbox 1476 1000 1725 1040; x_wconf 89' lang='lat' dir='ltr'>tractatum</span> <span class='ocrx_word' id='word_1_87' title='bbox 1758 997 1861 1039; x_wconf 89' lang='lat' dir='ltr'>hinc</span> <span class='ocrx_word' id='word_1_88' title='bbox 1895 998 1952 1039; x_wconf 89' lang='lat' dir='ltr'>ad</span> <span class='ocrx_word' id='word_1_89' title='bbox 1983 998 2096 1039; x_wconf 89' lang='lat' dir='ltr'>duos</span> 
     </span>
     <span class='ocr_line' id='line_1_12' title="bbox 476 1067 2094 1127; baseline -0.004 -12"><span class='ocrx_word' id='word_1_90' title='bbox 476 1084 616 1115; x_wconf 86' lang='lat' dir='ltr'>annos</span> <span class='ocrx_word' id='word_1_91' title='bbox 663 1071 869 1127; x_wconf 80' lang='lat' dir='ltr'>proxime</span> <span class='ocrx_word' id='word_1_92' title='bbox 914 1072 1128 1112; x_wconf 80' lang='lat' dir='ltr'>venturos</span> <span class='ocrx_word' id='word_1_93' title='bbox 1186 1069 1281 1111; x_wconf 91' lang='lat' dir='ltr'>sine</span> <span class='ocrx_word' id='word_1_94' title='bbox 1330 1082 1550 1112; x_wconf 90' lang='lat' dir='ltr'>consensu</span> <span class='ocrx_word' id='word_1_95' title='bbox 1587 1068 1696 1110; x_wconf 92' lang='lat' dir='ltr'>dicti</span> <span class='ocrx_word' id='word_1_96' title='bbox 1744 1067 1915 1110; x_wconf 88' lang='lat' dir='ltr'>domini</span> <span class='ocrx_word' id='word_1_97' title='bbox 1960 1067 2094 1123; x_wconf 84' lang='lat' dir='ltr'>regis.</span> 
     </span>
    </p>
   </div>
   <div class='ocr_carea' id='block_1_4' title="bbox 475 1150 2101 1916">
    <p class='ocr_par' dir='ltr' id='par_1_4' title="bbox 476 1150 2098 1351">
     <span class='ocr_line' id='line_1_13' title="bbox 614 1150 2098 1207; baseline -0.003 -12"><span class='ocrx_word' id='word_1_98' title='bbox 614 1154 729 1195; x_wconf 88' lang='lat' dir='ltr'>Item</span> <span class='ocrx_word' id='word_1_99' title='bbox 778 1152 817 1194; x_wconf 85' lang='lat' dir='ltr'>si</span> <span class='ocrx_word' id='word_1_100' title='bbox 865 1151 1127 1207; x_wconf 83' lang='lat' dir='ltr'>contigerit,</span> <span class='ocrx_word' id='word_1_101' title='bbox 1176 1152 1296 1206; x_wconf 83' lang='lat' dir='ltr'>quod</span> <span class='ocrx_word' id='word_1_102' title='bbox 1345 1164 1532 1193; x_wconf 89' lang='lat' dir='ltr'>comune</span> <span class='ocrx_word' id='word_1_103' title='bbox 1579 1150 1809 1193; x_wconf 89' lang='lat' dir='ltr'>Florentie</span> <span class='ocrx_word' id='word_1_104' title='bbox 1856 1152 2098 1205; x_wconf 89' lang='lat' dir='ltr'>occuparet</span> 
     </span>
     <span class='ocr_line' id='line_1_14' title="bbox 476 1220 2097 1277; baseline -0.003 -10"><span class='ocrx_word' id='word_1_105' title='bbox 476 1225 706 1267; x_wconf 88' lang='lat' dir='ltr'>civitatem</span> <span class='ocrx_word' id='word_1_106' title='bbox 753 1223 982 1275; x_wconf 80' lang='lat' dir='ltr'>Pisarum,</span> <span class='ocrx_word' id='word_1_107' title='bbox 1033 1223 1235 1264; x_wconf 88' lang='lat' dir='ltr'>destruet</span> <span class='ocrx_word' id='word_1_108' title='bbox 1288 1224 1331 1263; x_wconf 90' lang='lat' dir='ltr'>et</span> <span class='ocrx_word' id='word_1_109' title='bbox 1379 1221 1620 1277; x_wconf 85' lang='lat' dir='ltr'>dissipabit</span> <span class='ocrx_word' id='word_1_110' title='bbox 1653 1234 1752 1263; x_wconf 90' lang='lat' dir='ltr'>eam</span> <span class='ocrx_word' id='word_1_111' title='bbox 1797 1220 1919 1263; x_wconf 91' lang='lat' dir='ltr'>iusta</span> <span class='ocrx_word' id='word_1_112' title='bbox 1967 1234 2097 1263; x_wconf 91' lang='lat' dir='ltr'>suum</span> 
     </span>
     <span class='ocr_line' id='line_1_15' title="bbox 476 1309 622 1351; baseline -0.014 -13"><span class='ocrx_word' id='word_1_113' title='bbox 476 1309 622 1351; x_wconf 90' lang='lat' dir='ltr'>posse.</span> 
     </span>
    </p>

    <p class='ocr_par' dir='ltr' id='par_1_5' title="bbox 475 1361 2101 1916">
     <span class='ocr_line' id='line_1_16' title="bbox 615 1361 2099 1420; baseline -0.003 -13"><span class='ocrx_word' id='word_1_114' title='bbox 615 1366 730 1407; x_wconf 88' lang='lat' dir='ltr'>Item</span> <span class='ocrx_word' id='word_1_115' title='bbox 778 1364 825 1406; x_wconf 90' lang='lat' dir='ltr'>in</span> <span class='ocrx_word' id='word_1_116' title='bbox 872 1363 1113 1420; x_wconf 83' lang='lat' dir='ltr'>principio,</span> <span class='ocrx_word' id='word_1_117' title='bbox 1160 1362 1309 1405; x_wconf 91' lang='lat' dir='ltr'>medio</span> <span class='ocrx_word' id='word_1_118' title='bbox 1359 1365 1402 1404; x_wconf 87' lang='lat' dir='ltr'>et</span> <span class='ocrx_word' id='word_1_119' title='bbox 1433 1362 1522 1404; x_wconf 91' lang='lat' dir='ltr'>fine</span> <span class='ocrx_word' id='word_1_120' title='bbox 1557 1362 1759 1405; x_wconf 91' lang='lat' dir='ltr'>omnium</span> <span class='ocrx_word' id='word_1_121' title='bbox 1791 1361 2099 1418; x_wconf 89' lang='lat' dir='ltr'>predictorum</span> 
     </span>
     <span class='ocr_line' id='line_1_17' title="bbox 477 1432 2099 1490; baseline -0.004 -11"><span class='ocrx_word' id='word_1_122' title='bbox 477 1439 626 1479; x_wconf 89' lang='lat' dir='ltr'>actum</span> <span class='ocrx_word' id='word_1_123' title='bbox 668 1436 754 1478; x_wconf 87' lang='lat' dir='ltr'>fuit</span> <span class='ocrx_word' id='word_1_124' title='bbox 801 1438 846 1478; x_wconf 90' lang='lat' dir='ltr'>et</span> <span class='ocrx_word' id='word_1_125' title='bbox 893 1448 1105 1490; x_wconf 80' lang='lat' dir='ltr'>expresse</span> <span class='ocrx_word' id='word_1_126' title='bbox 1153 1434 1322 1476; x_wconf 87' lang='lat' dir='ltr'>dictum</span> <span class='ocrx_word' id='word_1_127' title='bbox 1362 1436 1405 1476; x_wconf 92' lang='lat' dir='ltr'>et</span> <span class='ocrx_word' id='word_1_128' title='bbox 1437 1436 1619 1476; x_wconf 88' lang='lat' dir='ltr'>cautum</span> <span class='ocrx_word' id='word_1_129' title='bbox 1652 1433 1770 1475; x_wconf 90' lang='lat' dir='ltr'>inter</span> <span class='ocrx_word' id='word_1_130' title='bbox 1802 1432 1970 1475; x_wconf 83' lang='lat' dir='ltr'>dictum</span> <span class='ocrx_word' id='word_1_131' title='bbox 2006 1445 2099 1474; x_wconf 89' lang='lat' dir='ltr'>am-</span> 
     </span>
     <span class='ocr_line' id='line_1_18' title="bbox 475 1503 2100 1560; baseline -0.003 -11"><span class='ocrx_word' id='word_1_132' title='bbox 475 1508 763 1550; x_wconf 84' lang='lat' dir='ltr'>baxiatorem</span> <span class='ocrx_word' id='word_1_133' title='bbox 809 1509 852 1548; x_wconf 84' lang='lat' dir='ltr'>et</span> <span class='ocrx_word' id='word_1_134' title='bbox 898 1519 1085 1548; x_wconf 87' lang='lat' dir='ltr'>comune</span> <span class='ocrx_word' id='word_1_135' title='bbox 1129 1504 1369 1557; x_wconf 80' lang='lat' dir='ltr'>Florentie,</span> <span class='ocrx_word' id='word_1_136' title='bbox 1416 1505 1536 1560; x_wconf 88' lang='lat' dir='ltr'>quod</span> <span class='ocrx_word' id='word_1_137' title='bbox 1573 1504 1727 1547; x_wconf 90' lang='lat' dir='ltr'>omnia</span> <span class='ocrx_word' id='word_1_138' title='bbox 1758 1517 1898 1559; x_wconf 89' lang='lat' dir='ltr'>supra</span> <span class='ocrx_word' id='word_1_139' title='bbox 1929 1503 2100 1559; x_wconf 88' lang='lat' dir='ltr'>scripta</span> 
     </span>
     <span class='ocr_line' id='line_1_19' title="bbox 475 1573 2101 1634; baseline -0.003 -14"><span class='ocrx_word' id='word_1_140' title='bbox 475 1581 611 1634; x_wconf 89' lang='lat' dir='ltr'>pacta</span> <span class='ocrx_word' id='word_1_141' title='bbox 657 1577 841 1619; x_wconf 85' lang='lat' dir='ltr'>valeant</span> <span class='ocrx_word' id='word_1_142' title='bbox 890 1580 934 1618; x_wconf 91' lang='lat' dir='ltr'>et</span> <span class='ocrx_word' id='word_1_143' title='bbox 979 1578 1163 1618; x_wconf 85' lang='lat' dir='ltr'>teneant</span> <span class='ocrx_word' id='word_1_144' title='bbox 1209 1575 1274 1617; x_wconf 93' lang='lat' dir='ltr'>ita</span> <span class='ocrx_word' id='word_1_145' title='bbox 1322 1576 1516 1627; x_wconf 84' lang='lat' dir='ltr'>demum,</span> <span class='ocrx_word' id='word_1_146' title='bbox 1565 1576 1604 1618; x_wconf 87' lang='lat' dir='ltr'>si</span> <span class='ocrx_word' id='word_1_147' title='bbox 1650 1588 1732 1631; x_wconf 91' lang='lat' dir='ltr'>per</span> <span class='ocrx_word' id='word_1_148' title='bbox 1763 1573 2101 1617; x_wconf 87' lang='lat' dir='ltr'>serenissimum</span> 
     </span>
     <span class='ocr_line' id='line_1_20' title="bbox 480 1644 2101 1704; baseline -0.003 -13"><span class='ocrx_word' id='word_1_149' title='bbox 480 1648 727 1704; x_wconf 84' lang='lat' dir='ltr'>principem</span> <span class='ocrx_word' id='word_1_150' title='bbox 761 1651 805 1689; x_wconf 90' lang='lat' dir='ltr'>et</span> <span class='ocrx_word' id='word_1_151' title='bbox 837 1646 1085 1699; x_wconf 85' lang='lat' dir='ltr'>dominum,</span> <span class='ocrx_word' id='word_1_152' title='bbox 1119 1645 1354 1689; x_wconf 92' lang='lat' dir='ltr'>dominum</span> <span class='ocrx_word' id='word_1_153' title='bbox 1385 1646 1634 1688; x_wconf 87' lang='lat' dir='ltr'>Robertum</span> <span class='ocrx_word' id='word_1_154' title='bbox 1666 1645 1753 1687; x_wconf 91' lang='lat' dir='ltr'>Dei</span> <span class='ocrx_word' id='word_1_155' title='bbox 1794 1644 1942 1701; x_wconf 87' lang='lat' dir='ltr'>gratia</span> <span class='ocrx_word' id='word_1_156' title='bbox 1977 1645 2101 1687; x_wconf 88' lang='lat' dir='ltr'>Ieru-</span> 
     </span>
     <span class='ocr_line' id='line_1_21' title="bbox 477 1715 2101 1772; baseline -0.003 -10"><span class='ocrx_word' id='word_1_157' title='bbox 477 1720 617 1762; x_wconf 87' lang='lat' dir='ltr'>salem</span> <span class='ocrx_word' id='word_1_158' title='bbox 664 1721 707 1760; x_wconf 88' lang='lat' dir='ltr'>et</span> <span class='ocrx_word' id='word_1_159' title='bbox 755 1717 906 1761; x_wconf 86' lang='lat' dir='ltr'>Sicilie</span> <span class='ocrx_word' id='word_1_160' title='bbox 959 1730 1112 1772; x_wconf 87' lang='lat' dir='ltr'>regem</span> <span class='ocrx_word' id='word_1_161' title='bbox 1161 1717 1329 1758; x_wconf 86' lang='lat' dir='ltr'>fuerint</span> <span class='ocrx_word' id='word_1_162' title='bbox 1376 1717 1645 1772; x_wconf 89' lang='lat' dir='ltr'>approbata.</span> <span class='ocrx_word' id='word_1_163' title='bbox 1708 1717 1766 1758; x_wconf 90' lang='lat' dir='ltr'>Et</span> <span class='ocrx_word' id='word_1_164' title='bbox 1815 1716 1936 1772; x_wconf 89' lang='lat' dir='ltr'>quod</span> <span class='ocrx_word' id='word_1_165' title='bbox 1969 1715 2101 1757; x_wconf 87' lang='lat' dir='ltr'>aliter</span> 
     </span>
     <span class='ocr_line' id='line_1_22' title="bbox 479 1786 2100 1843; baseline -0.003 -10"><span class='ocrx_word' id='word_1_166' title='bbox 479 1804 667 1833; x_wconf 86' lang='lat' dir='ltr'>comune</span> <span class='ocrx_word' id='word_1_167' title='bbox 707 1787 936 1832; x_wconf 88' lang='lat' dir='ltr'>Florentie</span> <span class='ocrx_word' id='word_1_168' title='bbox 977 1801 1066 1830; x_wconf 90' lang='lat' dir='ltr'>non</span> <span class='ocrx_word' id='word_1_169' title='bbox 1105 1787 1390 1843; x_wconf 82' lang='lat' dir='ltr'>intelligatur</span> <span class='ocrx_word' id='word_1_170' title='bbox 1430 1800 1527 1830; x_wconf 90' lang='lat' dir='ltr'>esse</span> <span class='ocrx_word' id='word_1_171' title='bbox 1563 1800 1645 1829; x_wconf 91' lang='lat' dir='ltr'>nec</span> <span class='ocrx_word' id='word_1_172' title='bbox 1682 1787 1743 1830; x_wconf 90' lang='lat' dir='ltr'>sit</span> <span class='ocrx_word' id='word_1_173' title='bbox 1782 1786 1933 1842; x_wconf 87' lang='lat' dir='ltr'>aliquo</span> <span class='ocrx_word' id='word_1_174' title='bbox 1966 1786 2100 1828; x_wconf 90' lang='lat' dir='ltr'>modo</span> 
     </span>
     <span class='ocr_line' id='line_1_23' title="bbox 479 1861 742 1916; baseline -0.008 -13"><span class='ocrx_word' id='word_1_175' title='bbox 479 1861 742 1916; x_wconf 84' lang='lat' dir='ltr'>obligatum.</span> 
     </span>
    </p>
   </div>
   <div class='ocr_carea' id='block_1_5' title="bbox 478 1937 2106 3042">
    <p class='ocr_par' dir='ltr' id='par_1_6' title="bbox 478 1937 2106 3042">
     <span class='ocr_line' id='line_1_24' title="bbox 619 1937 2104 1985; baseline -0.004 -8"><span class='ocrx_word' id='word_1_176' title='bbox 619 1941 709 1977; x_wconf 88' lang='lat' dir='ltr'>CRD</span> <span class='ocrx_word' id='word_1_177' title='bbox 738 1940 829 1976; x_wconf 77' lang='lat'>1738</span> <span class='ocrx_word' id='word_1_178' title='bbox 855 1952 881 1975; x_wconf 88' lang='lat' dir='ltr'>s.</span> <span class='ocrx_word' id='word_1_179' title='bbox 909 1942 934 1977; x_wconf 76' lang='lat' dir='ltr'>f.</span> <span class='ocrx_word' id='word_1_180' title='bbox 987 1941 1236 1985; x_wconf 82' lang='lat' dir='ltr'>Gleichzeitige</span> <span class='ocrx_word' id='word_1_181' title='bbox 1262 1939 1454 1974; x_wconf 80' lang='lat' dir='ltr'>Abschrift.</span> <span class='ocrx_word' id='word_1_182' title='bbox 1504 1939 1588 1983; x_wconf 86' lang='lat' dir='ltr'>Pap.</span> <span class='ocrx_word' id='word_1_183' title='bbox 1637 1939 1762 1973; x_wconf 85' lang='lat' dir='ltr'>Dieser</span> <span class='ocrx_word' id='word_1_184' title='bbox 1786 1938 1953 1982; x_wconf 73' lang='lat' dir='ltr'>Vertrag,</span> <span class='ocrx_word' id='word_1_185' title='bbox 1981 1937 2104 1972; x_wconf 85' lang='lat' dir='ltr'>cedula</span> 
     </span>
     <span class='ocr_line' id='line_1_25' title="bbox 478 1996 2103 2045; baseline -0.002 -11"><span class='ocrx_word' id='word_1_186' title='bbox 478 2001 618 2045; x_wconf 87' lang='lat' dir='ltr'>papirea</span> <span class='ocrx_word' id='word_1_187' title='bbox 636 2001 700 2035; x_wconf 86' lang='lat' dir='ltr'>mit</span> <span class='ocrx_word' id='word_1_188' title='bbox 723 2000 857 2045; x_wconf 83' lang='lat' dir='ltr'>einigen</span> <span class='ocrx_word' id='word_1_189' title='bbox 878 2000 1027 2044; x_wconf 83' lang='lat' dir='ltr'>capitula</span> <span class='ocrx_word' id='word_1_190' title='bbox 1041 2002 1151 2034; x_wconf 87' lang='lat' dir='ltr'>nennt</span> <span class='ocrx_word' id='word_1_191' title='bbox 1170 2000 1219 2033; x_wconf 90' lang='lat' dir='ltr'>sie</span> <span class='ocrx_word' id='word_1_192' title='bbox 1233 2000 1368 2043; x_wconf 73' lang='lat' dir='ltr'>Jayme7</span> <span class='ocrx_word' id='word_1_193' title='bbox 1386 1999 1506 2032; x_wconf 87' lang='lat' dir='ltr'>wurde</span> <span class='ocrx_word' id='word_1_194' title='bbox 1526 2009 1592 2032; x_wconf 85' lang='lat' dir='ltr'>von</span> <span class='ocrx_word' id='word_1_195' title='bbox 1611 1998 1742 2031; x_wconf 85' lang='lat' dir='ltr'>diesem</span> <span class='ocrx_word' id='word_1_196' title='bbox 1760 1997 1841 2032; x_wconf 91' lang='lat' dir='ltr'>sehr</span> <span class='ocrx_word' id='word_1_197' title='bbox 1854 1996 2103 2031; x_wconf 79' lang='lat' dir='ltr'>unfreundlich</span> 
     </span>
     <span class='ocr_line' id='line_1_26' title="bbox 478 2057 2104 2104; baseline -0.003 -10"><span class='ocrx_word' id='word_1_198' title='bbox 478 2060 756 2104; x_wconf 85' lang='lat' dir='ltr'>aufgenommen.</span> <span class='ocrx_word' id='word_1_199' title='bbox 806 2060 967 2104; x_wconf 83' lang='lat' dir='ltr'>Magnam</span> <span class='ocrx_word' id='word_1_200' title='bbox 1005 2058 1246 2093; x_wconf 83' lang='lat' dir='ltr'>admiracionis</span> <span class='ocrx_word' id='word_1_201' title='bbox 1284 2057 1497 2101; x_wconf 86' lang='lat' dir='ltr'>sumpsimus</span> <span class='ocrx_word' id='word_1_202' title='bbox 1524 2068 1680 2101; x_wconf 85' lang='lat' dir='ltr'>causam,</span> <span class='ocrx_word' id='word_1_203' title='bbox 1719 2057 1809 2101; x_wconf 89' lang='lat' dir='ltr'>quod</span> <span class='ocrx_word' id='word_1_204' title='bbox 1834 2058 1873 2090; x_wconf 88' lang='lat' dir='ltr'>tu</span> <span class='ocrx_word' id='word_1_205' title='bbox 1898 2067 1960 2100; x_wconf 87' lang='lat' dir='ltr'>pro</span> <span class='ocrx_word' id='word_1_206' title='bbox 1986 2058 2104 2090; x_wconf 83' lang='lat' dir='ltr'>nostra</span> 
     </span>
     <span class='ocr_line' id='line_1_27' title="bbox 480 2115 2102 2162; baseline -0.002 -10"><span class='ocrx_word' id='word_1_207' title='bbox 480 2121 578 2162; x_wconf 87' lang='lat' dir='ltr'>parte</span> <span class='ocrx_word' id='word_1_208' title='bbox 604 2118 716 2162; x_wconf 84' lang='lat' dir='ltr'>aliqua</span> <span class='ocrx_word' id='word_1_209' title='bbox 740 2118 908 2152; x_wconf 81' lang='lat' dir='ltr'>obtuleris</span> <span class='ocrx_word' id='word_1_210' title='bbox 934 2129 995 2152; x_wconf 83' lang='lat' dir='ltr'>seu</span> <span class='ocrx_word' id='word_1_211' title='bbox 1023 2117 1235 2161; x_wconf 71' lang='lat' dir='ltr'>promiseris,</span> <span class='ocrx_word' id='word_1_212' title='bbox 1262 2127 1342 2151; x_wconf 88' lang='lat' dir='ltr'>cum</span> <span class='ocrx_word' id='word_1_213' title='bbox 1360 2116 1490 2150; x_wconf 86' lang='lat' dir='ltr'>nullam</span> <span class='ocrx_word' id='word_1_214' title='bbox 1511 2116 1573 2149; x_wconf 86' lang='lat' dir='ltr'>tibi</span> <span class='ocrx_word' id='word_1_215' title='bbox 1591 2115 1867 2149; x_wconf 82' lang='lat' dir='ltr'>commiserimus</span> <span class='ocrx_word' id='word_1_216' title='bbox 1884 2116 2102 2158; x_wconf 83' lang='lat' dir='ltr'>potestatem.</span> 
     </span>
     <span class='ocr_line' id='line_1_28' title="bbox 478 2173 2104 2220; baseline -0.002 -9"><span class='ocrx_word' id='word_1_217' title='bbox 478 2177 534 2211; x_wconf 87' lang='lat' dir='ltr'>Du</span> <span class='ocrx_word' id='word_1_218' title='bbox 560 2177 694 2219; x_wconf 73' lang='lat' dir='ltr'>weisst‚</span> <span class='ocrx_word' id='word_1_219' title='bbox 731 2178 809 2211; x_wconf 84' lang='lat' dir='ltr'>dass</span> <span class='ocrx_word' id='word_1_220' title='bbox 849 2177 897 2210; x_wconf 88' lang='lat' dir='ltr'>du</span> <span class='ocrx_word' id='word_1_221' title='bbox 921 2187 983 2211; x_wconf 85' lang='lat' dir='ltr'>aus</span> <span class='ocrx_word' id='word_1_222' title='bbox 1009 2177 1168 2220; x_wconf 84' lang='lat' dir='ltr'>eigenem</span> <span class='ocrx_word' id='word_1_223' title='bbox 1194 2175 1362 2210; x_wconf 80' lang='lat' dir='ltr'>Antiiebe</span> <span class='ocrx_word' id='word_1_224' title='bbox 1388 2175 1468 2209; x_wconf 88' lang='lat' dir='ltr'>dich</span> <span class='ocrx_word' id='word_1_225' title='bbox 1493 2174 1687 2219; x_wconf 83' lang='lat' dir='ltr'>angeboten</span> <span class='ocrx_word' id='word_1_226' title='bbox 1712 2174 1792 2208; x_wconf 88' lang='lat' dir='ltr'>hast</span> <span class='ocrx_word' id='word_1_227' title='bbox 1817 2185 1882 2208; x_wconf 83' lang='lat' dir='ltr'>uns</span> <span class='ocrx_word' id='word_1_228' title='bbox 1909 2185 1953 2207; x_wconf 91' lang='lat' dir='ltr'>zu</span> <span class='ocrx_word' id='word_1_229' title='bbox 1978 2173 2104 2207; x_wconf 89' lang='lat' dir='ltr'>dienen</span> 
     </span>
     <span class='ocr_line' id='line_1_29' title="bbox 480 2232 2103 2279; baseline -0.002 -10"><span class='ocrx_word' id='word_1_230' title='bbox 480 2236 551 2269; x_wconf 89' lang='lat' dir='ltr'>und</span> <span class='ocrx_word' id='word_1_231' title='bbox 577 2236 638 2269; x_wconf 88' lang='lat' dir='ltr'>der</span> <span class='ocrx_word' id='word_1_232' title='bbox 652 2235 913 2279; x_wconf 79' lang='lat' dir='ltr'>Guelfenpartei</span> <span class='ocrx_word' id='word_1_233' title='bbox 938 2235 1009 2269; x_wconf 88' lang='lat' dir='ltr'>und</span> <span class='ocrx_word' id='word_1_234' title='bbox 1035 2234 1125 2269; x_wconf 83' lang='lat' dir='ltr'>nach</span> <span class='ocrx_word' id='word_1_235' title='bbox 1149 2233 1296 2268; x_wconf 88' lang='lat' dir='ltr'>Florenz</span> <span class='ocrx_word' id='word_1_236' title='bbox 1323 2245 1366 2267; x_wconf 93' lang='lat' dir='ltr'>zu</span> <span class='ocrx_word' id='word_1_237' title='bbox 1391 2233 1515 2278; x_wconf 85' lang='lat' dir='ltr'>gehen.</span> <span class='ocrx_word' id='word_1_238' title='bbox 1566 2234 1690 2277; x_wconf 83' lang='lat' dir='ltr'>Sicque</span> <span class='ocrx_word' id='word_1_239' title='bbox 1716 2244 1785 2266; x_wconf 89' lang='lat' dir='ltr'>non</span> <span class='ocrx_word' id='word_1_240' title='bbox 1811 2233 1987 2266; x_wconf 87' lang='lat' dir='ltr'>debuisses</span> <span class='ocrx_word' id='word_1_241' title='bbox 2013 2232 2103 2266; x_wconf 84' lang='lat' dir='ltr'>fines</span> 
     </span>
     <span class='ocr_line' id='line_1_30' title="bbox 479 2290 2103 2338; baseline -0.002 -10"><span class='ocrx_word' id='word_1_242' title='bbox 479 2294 631 2328; x_wconf 85' lang='lat' dir='ltr'>mandati</span> <span class='ocrx_word' id='word_1_243' title='bbox 658 2295 827 2328; x_wconf 84' lang='lat' dir='ltr'>excedere</span> <span class='ocrx_word' id='word_1_244' title='bbox 853 2305 916 2338; x_wconf 91' lang='lat' dir='ltr'>pro</span> <span class='ocrx_word' id='word_1_245' title='bbox 940 2296 1058 2328; x_wconf 84' lang='lat' dir='ltr'>nostra</span> <span class='ocrx_word' id='word_1_246' title='bbox 1075 2295 1173 2337; x_wconf 85' lang='lat' dir='ltr'>parte</span> <span class='ocrx_word' id='word_1_247' title='bbox 1190 2294 1232 2327; x_wconf 89' lang='lat' dir='ltr'>ad</span> <span class='ocrx_word' id='word_1_248' title='bbox 1249 2292 1363 2337; x_wconf 87' lang='lat' dir='ltr'>aliqua</span> <span class='ocrx_word' id='word_1_249' title='bbox 1380 2292 1626 2337; x_wconf 86' lang='lat' dir='ltr'>promittenda,</span> <span class='ocrx_word' id='word_1_250' title='bbox 1652 2294 1705 2326; x_wconf 87' lang='lat' dir='ltr'>set</span> <span class='ocrx_word' id='word_1_251' title='bbox 1723 2291 1872 2325; x_wconf 85' lang='lat' dir='ltr'>debebas</span> <span class='ocrx_word' id='word_1_252' title='bbox 1890 2290 2103 2325; x_wconf 87' lang='lat' dir='ltr'>solummodo</span> 
     </span>
     <span class='ocr_line' id='line_1_31' title="bbox 478 2349 2105 2397; baseline -0.002 -11"><span class='ocrx_word' id='word_1_253' title='bbox 478 2353 618 2387; x_wconf 83' lang='lat' dir='ltr'>iniciare</span> <span class='ocrx_word' id='word_1_254' title='bbox 644 2355 820 2395; x_wconf 74' lang='lat' dir='ltr'>tractatus⁷</span> <span class='ocrx_word' id='word_1_255' title='bbox 846 2353 904 2397; x_wconf 84' lang='lat' dir='ltr'>qui</span> <span class='ocrx_word' id='word_1_256' title='bbox 923 2382 930 2389; x_wconf 90' lang='lat'><strong><em>.</em></strong></span> <span class='ocrx_word' id='word_1_257' title='bbox 951 2380 957 2387; x_wconf 89' lang='lat'>.</span> <span class='ocrx_word' id='word_1_258' title='bbox 978 2381 986 2388; x_wconf 94' lang='lat'><strong>.</strong></span> <span class='ocrx_word' id='word_1_259' title='bbox 1005 2353 1120 2386; x_wconf 86' lang='lat' dir='ltr'>essent</span> <span class='ocrx_word' id='word_1_260' title='bbox 1145 2352 1187 2385; x_wconf 91' lang='lat' dir='ltr'>ad</span> <span class='ocrx_word' id='word_1_261' title='bbox 1212 2354 1366 2385; x_wconf 83' lang='lat' dir='ltr'>nostram</span> <span class='ocrx_word' id='word_1_262' title='bbox 1391 2350 1554 2385; x_wconf 80' lang='lat' dir='ltr'>noticiam</span> <span class='ocrx_word' id='word_1_263' title='bbox 1580 2350 1776 2384; x_wconf 79' lang='lat' dir='ltr'>deffere-ndi</span> <span class='ocrx_word' id='word_1_264' title='bbox 1796 2378 1803 2385; x_wconf 94' lang='lat'><strong>.</strong></span> <span class='ocrx_word' id='word_1_265' title='bbox 1823 2379 1830 2386; x_wconf 90' lang='lat'><strong>.</strong></span> <span class='ocrx_word' id='word_1_266' title='bbox 1852 2378 1859 2385; x_wconf 94' lang='lat'><strong>.</strong></span> <span class='ocrx_word' id='word_1_267' title='bbox 1907 2349 2105 2393; x_wconf 83' lang='lat' dir='ltr'>Prescripta</span> 
     </span>
     <span class='ocr_line' id='line_1_32' title="bbox 480 2407 2105 2455; baseline -0.002 -10"><span class='ocrx_word' id='word_1_268' title='bbox 480 2413 597 2446; x_wconf 86' lang='lat' dir='ltr'>autem</span> <span class='ocrx_word' id='word_1_269' title='bbox 623 2411 772 2455; x_wconf 87' lang='lat' dir='ltr'>capitula</span> <span class='ocrx_word' id='word_1_270' title='bbox 796 2411 946 2445; x_wconf 70' lang='lat' dir='ltr'>vidimus</span> <span class='ocrx_word' id='word_1_271' title='bbox 972 2412 1076 2445; x_wconf 87' lang='lat' dir='ltr'>nimis</span> <span class='ocrx_word' id='word_1_272' title='bbox 1102 2410 1388 2445; x_wconf 85' lang='lat' dir='ltr'>inconveniencia</span> <span class='ocrx_word' id='word_1_273' title='bbox 1405 2412 1440 2443; x_wconf 83' lang='lat' dir='ltr'>et</span> <span class='ocrx_word' id='word_1_274' title='bbox 1458 2410 1561 2443; x_wconf 89' lang='lat' dir='ltr'>nimis</span> <span class='ocrx_word' id='word_1_275' title='bbox 1579 2409 1741 2443; x_wconf 81' lang='lat' dir='ltr'>difficilia</span> <span class='ocrx_word' id='word_1_276' title='bbox 1759 2409 1949 2450; x_wconf 77' lang='lat' dir='ltr'>continere,</span> <span class='ocrx_word' id='word_1_277' title='bbox 1974 2407 2105 2442; x_wconf 87' lang='lat' dir='ltr'>sowohl</span> 
     </span>
     <span class='ocr_line' id='line_1_33' title="bbox 480 2465 2105 2514; baseline -0.002 -10"><span class='ocrx_word' id='word_1_278' title='bbox 480 2469 663 2513; x_wconf 83' lang='lat' dir='ltr'>beziiglich</span> <span class='ocrx_word' id='word_1_279' title='bbox 689 2471 750 2503; x_wconf 88' lang='lat' dir='ltr'>der</span> <span class='ocrx_word' id='word_1_280' title='bbox 775 2470 931 2514; x_wconf 80' lang='lat' dir='ltr'>Zahlung</span> <span class='ocrx_word' id='word_1_281' title='bbox 956 2470 1017 2504; x_wconf 88' lang='lat' dir='ltr'>der</span> <span class='ocrx_word' id='word_1_282' title='bbox 1041 2469 1165 2505; x_wconf 78' lang='grc'>25000</span> <span class='ocrx_word' id='word_1_283' title='bbox 1191 2469 1326 2503; x_wconf 88' lang='lat' dir='ltr'>Gulden</span> <span class='ocrx_word' id='word_1_284' title='bbox 1352 2469 1416 2502; x_wconf 85' lang='lat' dir='ltr'>wie</span> <span class='ocrx_word' id='word_1_285' title='bbox 1442 2469 1590 2502; x_wconf 86' lang='lat' dir='ltr'>anderer</span> <span class='ocrx_word' id='word_1_286' title='bbox 1606 2468 1755 2502; x_wconf 84' lang='lat' dir='ltr'>Punkte.</span> <span class='ocrx_word' id='word_1_287' title='bbox 1793 2468 1863 2502; x_wconf 87' lang='lat' dir='ltr'>Das</span> <span class='ocrx_word' id='word_1_288' title='bbox 1884 2467 1969 2501; x_wconf 86' lang='lat' dir='ltr'>Geld</span> <span class='ocrx_word' id='word_1_289' title='bbox 1995 2465 2105 2501; x_wconf 88' lang='lat' dir='ltr'>sollen</span> 
     </span>
     <span class='ocr_line' id='line_1_34' title="bbox 480 2527 2103 2571; baseline -0.002 -9"><span class='ocrx_word' id='word_1_290' title='bbox 480 2529 544 2562; x_wconf 88' lang='lat' dir='ltr'>wir</span> <span class='ocrx_word' id='word_1_291' title='bbox 569 2528 639 2562; x_wconf 85' lang='lat' dir='ltr'>also</span> <span class='ocrx_word' id='word_1_292' title='bbox 664 2540 732 2562; x_wconf 90' lang='lat' dir='ltr'>nur</span> <span class='ocrx_word' id='word_1_293' title='bbox 765 2529 895 2571; x_wconf 75' lang='lat' dir='ltr'>haben,</span> <span class='ocrx_word' id='word_1_294' title='bbox 928 2540 1031 2563; x_wconf 74' lang='lat' dir='ltr'>wenn</span> <span class='ocrx_word' id='word_1_295' title='bbox 1056 2529 1120 2562; x_wconf 82' lang='lat' dir='ltr'>wir</span> <span class='ocrx_word' id='word_1_296' title='bbox 1145 2529 1180 2562; x_wconf 88' lang='lat' dir='ltr'>in</span> <span class='ocrx_word' id='word_1_297' title='bbox 1206 2528 1388 2563; x_wconf 86' lang='lat' dir='ltr'>Sardinien</span> <span class='ocrx_word' id='word_1_298' title='bbox 1415 2528 1489 2562; x_wconf 86' lang='lat' dir='ltr'>sind</span> <span class='ocrx_word' id='word_1_299' title='bbox 1515 2528 1585 2561; x_wconf 88' lang='lat' dir='ltr'>und</span> <span class='ocrx_word' id='word_1_300' title='bbox 1612 2528 1672 2561; x_wconf 89' lang='lat' dir='ltr'>das</span> <span class='ocrx_word' id='word_1_301' title='bbox 1697 2527 1819 2571; x_wconf 78' lang='lat' dir='ltr'>iibrige</span> <span class='ocrx_word' id='word_1_302' title='bbox 1845 2537 1908 2570; x_wconf 86' lang='lat' dir='ltr'>per</span> <span class='ocrx_word' id='word_1_303' title='bbox 1932 2527 2103 2569; x_wconf 82' lang='lat' dir='ltr'>tempora!</span> 
     </span>
     <span class='ocr_line' id='line_1_35' title="bbox 480 2583 2103 2630; baseline -0.002 -9"><span class='ocrx_word' id='word_1_304' title='bbox 480 2587 562 2622; x_wconf 89' lang='lat' dir='ltr'>Und</span> <span class='ocrx_word' id='word_1_305' title='bbox 599 2587 687 2621; x_wconf 90' lang='lat' dir='ltr'>doch</span> <span class='ocrx_word' id='word_1_306' title='bbox 724 2589 881 2621; x_wconf 78' lang='lat' dir='ltr'>miissten</span> <span class='ocrx_word' id='word_1_307' title='bbox 912 2588 976 2621; x_wconf 82' lang='lat' dir='ltr'>wir</span> <span class='ocrx_word' id='word_1_308' title='bbox 1002 2598 1038 2622; x_wconf 89' lang='lat' dir='ltr'>es</span> <span class='ocrx_word' id='word_1_309' title='bbox 1066 2587 1192 2621; x_wconf 85' lang='lat' dir='ltr'>vorher</span> <span class='ocrx_word' id='word_1_310' title='bbox 1216 2587 1341 2620; x_wconf 90' lang='lat' dir='ltr'>haben.</span> <span class='ocrx_word' id='word_1_311' title='bbox 1392 2587 1473 2621; x_wconf 86' lang='lat' dir='ltr'>Und</span> <span class='ocrx_word' id='word_1_312' title='bbox 1499 2587 1591 2620; x_wconf 85' lang='lat' dir='ltr'>dann</span> <span class='ocrx_word' id='word_1_313' title='bbox 1617 2586 1826 2630; x_wconf 84' lang='lat' dir='ltr'>wenigstens</span> <span class='ocrx_word' id='word_1_314' title='bbox 1852 2585 1878 2620; x_wconf 85' lang='lat' dir='ltr'>O</span> <span class='ocrx_word' id='word_1_315' title='bbox 1903 2583 1987 2620; x_wconf 89' lang='lat' dir='ltr'>mill.</span> <span class='ocrx_word' id='word_1_316' title='bbox 2014 2583 2103 2626; x_wconf 60' lang='lat' dir='ltr'>flor.5</span> 
     </span>
     <span class='ocr_line' id='line_1_36' title="bbox 481 2642 2103 2689; baseline -0.002 -9"><span class='ocrx_word' id='word_1_317' title='bbox 481 2646 572 2680; x_wconf 86' lang='lat' dir='ltr'>sicut</span> <span class='ocrx_word' id='word_1_318' title='bbox 588 2650 626 2679; x_wconf 81' lang='lat' dir='ltr'>tu</span> <span class='ocrx_word' id='word_1_319' title='bbox 643 2646 735 2679; x_wconf 90' lang='lat' dir='ltr'>idem</span> <span class='ocrx_word' id='word_1_320' title='bbox 756 2646 857 2689; x_wconf 72' lang='lat' dir='ltr'>dicis,</span> <span class='ocrx_word' id='word_1_321' title='bbox 890 2648 923 2680; x_wconf 85' lang='lat' dir='ltr'>te</span> <span class='ocrx_word' id='word_1_322' title='bbox 951 2647 1091 2680; x_wconf 83' lang='lat' dir='ltr'>credere</span> <span class='ocrx_word' id='word_1_323' title='bbox 1118 2645 1322 2689; x_wconf 64' lang='lat' dir='ltr'>adimplere,</span> <span class='ocrx_word' id='word_1_324' title='bbox 1351 2645 1387 2679; x_wconf 91' lang='lat' dir='ltr'>in</span> <span class='ocrx_word' id='word_1_325' title='bbox 1412 2645 1528 2679; x_wconf 84' lang='lat' dir='ltr'>littera</span> <span class='ocrx_word' id='word_1_326' title='bbox 1552 2645 1705 2679; x_wconf 86' lang='lat' dir='ltr'>secunda</span> <span class='ocrx_word' id='word_1_327' title='bbox 1730 2644 1798 2688; x_wconf 84' lang='lat' dir='ltr'>(die</span> <span class='ocrx_word' id='word_1_328' title='bbox 1824 2643 1921 2678; x_wconf 88' lang='lat' dir='ltr'>nicht</span> <span class='ocrx_word' id='word_1_329' title='bbox 1947 2642 2103 2676; x_wconf 78' lang='lat' dir='ltr'>erhalten</span> 
     </span>
     <span class='ocr_line' id='line_1_37' title="bbox 480 2702 2104 2747; baseline -0.002 -8"><span class='ocrx_word' id='word_1_330' title='bbox 480 2705 550 2745; x_wconf 74' lang='lat' dir='ltr'>ist).</span> <span class='ocrx_word' id='word_1_331' title='bbox 599 2705 665 2738; x_wconf 90' lang='lat' dir='ltr'>Die</span> <span class='ocrx_word' id='word_1_332' title='bbox 703 2715 770 2738; x_wconf 87' lang='lat' dir='ltr'>von</span> <span class='ocrx_word' id='word_1_333' title='bbox 802 2704 855 2738; x_wconf 88' lang='lat' dir='ltr'>dir</span> <span class='ocrx_word' id='word_1_334' title='bbox 894 2705 1083 2738; x_wconf 88' lang='lat' dir='ltr'>erbetenen</span> <span class='ocrx_word' id='word_1_335' title='bbox 1114 2705 1232 2739; x_wconf 76' lang='lat' dir='ltr'>Bn&#39;efe</span> <span class='ocrx_word' id='word_1_336' title='bbox 1270 2715 1314 2738; x_wconf 91' lang='lat' dir='ltr'>an</span> <span class='ocrx_word' id='word_1_337' title='bbox 1352 2704 1406 2738; x_wconf 89' lang='lat' dir='ltr'>die</span> <span class='ocrx_word' id='word_1_338' title='bbox 1433 2703 1734 2747; x_wconf 70' lang='lat' dir='ltr'>Guelfenhaupter</span> <span class='ocrx_word' id='word_1_339' title='bbox 1758 2713 1827 2736; x_wconf 89' lang='lat' dir='ltr'>non</span> <span class='ocrx_word' id='word_1_340' title='bbox 1853 2702 2002 2736; x_wconf 86' lang='lat' dir='ltr'>vidimus</span> <span class='ocrx_word' id='word_1_341' title='bbox 2029 2712 2104 2736; x_wconf 85' lang='lat' dir='ltr'>esse</span> 
     </span>
     <span class='ocr_line' id='line_1_38' title="bbox 481 2760 2104 2808; baseline -0.001 -12"><span class='ocrx_word' id='word_1_342' title='bbox 481 2763 685 2806; x_wconf 85' lang='lat' dir='ltr'>mittendas,</span> <span class='ocrx_word' id='word_1_343' title='bbox 704 2762 756 2797; x_wconf 87' lang='lat' dir='ltr'>bis</span> <span class='ocrx_word' id='word_1_344' title='bbox 775 2763 829 2797; x_wconf 90' lang='lat' dir='ltr'>die</span> <span class='ocrx_word' id='word_1_345' title='bbox 844 2763 1120 2807; x_wconf 80' lang='lat' dir='ltr'>Angelegenheit</span> <span class='ocrx_word' id='word_1_346' title='bbox 1133 2763 1289 2808; x_wconf 80' lang='lat' dir='ltr'>erledigt.</span> <span class='ocrx_word' id='word_1_347' title='bbox 1317 2763 1417 2798; x_wconf 92' lang='lat' dir='ltr'>Doch</span> <span class='ocrx_word' id='word_1_348' title='bbox 1432 2763 1540 2807; x_wconf 81' lang='lat' dir='ltr'>fiigen</span> <span class='ocrx_word' id='word_1_349' title='bbox 1554 2763 1617 2796; x_wconf 88' lang='lat' dir='ltr'>wir</span> <span class='ocrx_word' id='word_1_350' title='bbox 1631 2763 1733 2796; x_wconf 89' lang='lat' dir='ltr'>einen</span> <span class='ocrx_word' id='word_1_351' title='bbox 1745 2762 1846 2796; x_wconf 80' lang='lat' dir='ltr'>Brief</span> <span class='ocrx_word' id='word_1_352' title='bbox 1859 2772 1901 2795; x_wconf 83' lang='lat' dir='ltr'>an</span> <span class='ocrx_word' id='word_1_353' title='bbox 1917 2761 1971 2794; x_wconf 87' lang='lat' dir='ltr'>die</span> <span class='ocrx_word' id='word_1_354' title='bbox 1990 2760 2104 2794; x_wconf 82' lang='lat' dir='ltr'>Guelfi</span> 
     </span>
     <span class='ocr_line' id='line_1_39' title="bbox 483 2818 2106 2865; baseline -0.002 -9"><span class='ocrx_word' id='word_1_355' title='bbox 483 2821 670 2856; x_wconf 78' lang='lat' dir='ltr'>extrinseci</span> <span class='ocrx_word' id='word_1_356' title='bbox 688 2821 817 2855; x_wconf 88' lang='lat' dir='ltr'>Lucani</span> <span class='ocrx_word' id='word_1_357' title='bbox 834 2821 889 2855; x_wconf 81' lang='lat' dir='ltr'>bei</span> <span class='ocrx_word' id='word_1_358' title='bbox 909 2821 1037 2865; x_wconf 66' lang='lat' dir='ltr'>(fehlt)7</span> <span class='ocrx_word' id='word_1_359' title='bbox 1064 2823 1118 2856; x_wconf 92' lang='lat' dir='ltr'>die</span> <span class='ocrx_word' id='word_1_360' title='bbox 1136 2833 1201 2856; x_wconf 90' lang='lat' dir='ltr'>uns</span> <span class='ocrx_word' id='word_1_361' title='bbox 1219 2822 1309 2856; x_wconf 88' lang='lat' dir='ltr'>nach</span> <span class='ocrx_word' id='word_1_362' title='bbox 1326 2822 1470 2856; x_wconf 85' lang='lat' dir='ltr'>Eintritt</span> <span class='ocrx_word' id='word_1_363' title='bbox 1487 2822 1522 2855; x_wconf 88' lang='lat' dir='ltr'>in</span> <span class='ocrx_word' id='word_1_364' title='bbox 1540 2821 1615 2855; x_wconf 86' lang='lat' dir='ltr'>ihre</span> <span class='ocrx_word' id='word_1_365' title='bbox 1634 2821 1733 2855; x_wconf 86' lang='lat' dir='ltr'>Stadt</span> <span class='ocrx_word' id='word_1_366' title='bbox 1749 2820 1813 2854; x_wconf 88' lang='lat' dir='ltr'>mit</span> <span class='ocrx_word' id='word_1_367' title='bbox 1830 2819 1954 2854; x_wconf 80' lang='lat'>25000</span> <span class='ocrx_word' id='word_1_368' title='bbox 1971 2818 2106 2853; x_wconf 86' lang='lat' dir='ltr'>Gulden</span> 
     </span>
     <span class='ocr_line' id='line_1_40' title="bbox 482 2878 2105 2924; baseline -0.002 -10"><span class='ocrx_word' id='word_1_369' title='bbox 482 2880 605 2914; x_wconf 74' lang='lat' dir='ltr'>helsen</span> <span class='ocrx_word' id='word_1_370' title='bbox 629 2879 764 2914; x_wconf 88' lang='lat' dir='ltr'>wollen.</span> <span class='ocrx_word' id='word_1_371' title='bbox 802 2880 880 2914; x_wconf 87' lang='lat' dir='ltr'>Den</span> <span class='ocrx_word' id='word_1_372' title='bbox 898 2880 1046 2914; x_wconf 84' lang='lat' dir='ltr'>Frieden</span> <span class='ocrx_word' id='word_1_373' title='bbox 1072 2881 1246 2915; x_wconf 88' lang='lat' dir='ltr'>zwischen</span> <span class='ocrx_word' id='word_1_374' title='bbox 1273 2881 1339 2914; x_wconf 89' lang='lat' dir='ltr'>den</span> <span class='ocrx_word' id='word_1_375' title='bbox 1357 2880 1515 2924; x_wconf 74' lang='lat' dir='ltr'>Konigen</span> <span class='ocrx_word' id='word_1_376' title='bbox 1532 2879 1662 2914; x_wconf 83' lang='lat' dir='ltr'>Robert</span> <span class='ocrx_word' id='word_1_377' title='bbox 1680 2879 1750 2913; x_wconf 81' lang='lat' dir='ltr'>und</span> <span class='ocrx_word' id='word_1_378' title='bbox 1767 2878 1949 2912; x_wconf 83' lang='lat' dir='ltr'>Friedrich</span> <span class='ocrx_word' id='word_1_379' title='bbox 1966 2878 2105 2912; x_wconf 74' lang='lat' dir='ltr'>mochte</span> 
     </span>
     <span class='ocr_line' id='line_1_41' title="bbox 483 2936 2105 2982; baseline -0.002 -9"><span class='ocrx_word' id='word_1_380' title='bbox 483 2950 522 2973; x_wconf 90' lang='lat' dir='ltr'>er</span> <span class='ocrx_word' id='word_1_381' title='bbox 546 2938 730 2973; x_wconf 82' lang='lat' dir='ltr'>ebenfalls:</span> <span class='ocrx_word' id='word_1_382' title='bbox 758 2940 811 2973; x_wconf 86' lang='lat' dir='ltr'>set</span> <span class='ocrx_word' id='word_1_383' title='bbox 835 2940 874 2972; x_wconf 81' lang='lat' dir='ltr'>tu</span> <span class='ocrx_word' id='word_1_384' title='bbox 899 2949 1003 2982; x_wconf 84' lang='lat' dir='ltr'>super</span> <span class='ocrx_word' id='word_1_385' title='bbox 1028 2939 1094 2973; x_wconf 85' lang='lat' dir='ltr'>hiis</span> <span class='ocrx_word' id='word_1_386' title='bbox 1114 2968 1121 2975; x_wconf 89' lang='lat'><strong>.</strong></span> <span class='ocrx_word' id='word_1_387' title='bbox 1143 2967 1148 2973; x_wconf 96' lang='lat'>.</span> <span class='ocrx_word' id='word_1_388' title='bbox 1170 2967 1176 2973; x_wconf 91' lang='lat'>.</span> <span class='ocrx_word' id='word_1_389' title='bbox 1196 2939 1303 2974; x_wconf 85' lang='lat' dir='ltr'>nichil</span> <span class='ocrx_word' id='word_1_390' title='bbox 1328 2939 1507 2973; x_wconf 87' lang='lat' dir='ltr'>debuisses</span> <span class='ocrx_word' id='word_1_391' title='bbox 1531 2937 1730 2982; x_wconf 88' lang='lat' dir='ltr'>promisisse</span> <span class='ocrx_word' id='word_1_392' title='bbox 1751 2964 1757 2971; x_wconf 95' lang='lat'><strong>.</strong></span> <span class='ocrx_word' id='word_1_393' title='bbox 1779 2964 1785 2971; x_wconf 89' lang='lat'>.</span> <span class='ocrx_word' id='word_1_394' title='bbox 1806 2964 1812 2970; x_wconf 93' lang='lat'>.</span> <span class='ocrx_word' id='word_1_395' title='bbox 1851 2936 1929 2972; x_wconf 86' lang='lat' dir='ltr'>Dat.</span> <span class='ocrx_word' id='word_1_396' title='bbox 1956 2936 2105 2970; x_wconf 87' lang='lat' dir='ltr'>Dertuse</span> 
     </span>
     <span class='ocr_line' id='line_1_42' title="bbox 483 2995 2106 3042; baseline -0.002 -9"><span class='ocrx_word' id='word_1_397' title='bbox 483 2998 548 3033; x_wconf 87' lang='lat' dir='ltr'>IX.</span> <span class='ocrx_word' id='word_1_398' title='bbox 567 2997 727 3031; x_wconf 83' lang='lat' dir='ltr'>kalendas</span> <span class='ocrx_word' id='word_1_399' title='bbox 752 2997 873 3031; x_wconf 89' lang='lat' dir='ltr'>Marcii</span> <span class='ocrx_word' id='word_1_400' title='bbox 899 3008 928 3033; x_wconf 89' lang='lat' dir='ltr'>a.</span> <span class='ocrx_word' id='word_1_401' title='bbox 955 2998 987 3033; x_wconf 89' lang='lat' dir='ltr'>d.</span> <span class='ocrx_word' id='word_1_402' title='bbox 1006 2997 1210 3033; x_wconf 80' lang='lat' dir='ltr'>MCCCXV.</span> <span class='ocrx_word' id='word_1_403' title='bbox 1262 2998 1360 3042; x_wconf 77' lang='lat' dir='ltr'>(Reg.</span> <span class='ocrx_word' id='word_1_404' title='bbox 1380 2998 1446 3032; x_wconf 82' lang='lat'>341</span> <span class='ocrx_word' id='word_1_405' title='bbox 1465 2997 1490 3033; x_wconf 80' lang='lat' dir='ltr'>f.</span> <span class='ocrx_word' id='word_1_406' title='bbox 1510 2997 1606 3040; x_wconf 66' lang='lat' dir='ltr'>63V.)</span> <span class='ocrx_word' id='word_1_407' title='bbox 1655 2998 1722 3030; x_wconf 90' lang='lat' dir='ltr'>Am</span> <span class='ocrx_word' id='word_1_408' title='bbox 1748 2995 1867 3030; x_wconf 85' lang='lat' dir='ltr'>selben</span> <span class='ocrx_word' id='word_1_409' title='bbox 1892 2996 1981 3039; x_wconf 82' lang='lat' dir='ltr'>Tage</span> <span class='ocrx_word' id='word_1_410' title='bbox 2008 3006 2106 3029; x_wconf 89' lang='lat' dir='ltr'>muss</span> 
     </span>
    </p>
   </div>
  </div>
 </body>
</html>
