2296 3512
925 240 1246 280 —881—

275 379 361 421 que
393 365 540 408 dictus
572 379 652 407 rex
685 366 720 407 F
724 366 951 408 redericus
984 367 1200 421 postulat,
1234 371 1439 410 nostrum
1473 368 1671 424 placeret
1695 368 1895 411 animum

272 435 491 477 inclinare
548 436 604 478 ob
653 436 802 478 divine
848 436 997 478 laudis
1041 437 1256 479 intuitum
1305 446 1349 479 et
1395 439 1641 481 multorum
1687 439 1892 482 salutem.

274 504 412 548 Cuius
455 505 586 547 litere
624 506 669 547 in
708 506 795 548 hiis
837 519 890 548 ac
923 506 1024 549 aliis
1056 510 1212 550 tenore
1245 507 1373 562 plene
1407 509 1595 551 collecto
1627 510 1895 564 paternitati

273 578 422 618 vestre
489 577 803 631 respondendo
871 577 1158 630 presentibus
1220 578 1516 622 intimamus:
1593 581 1895 635 prescriptum

272 646 543 701 magistrum
595 646 849 688 Arnaldum
901 646 1058 690 literas
1113 661 1139 689 a
1184 649 1361 702 prefato
1414 663 1519 704 rege
1565 651 1802 693 Frederico
1849 651 1895 693 in

271 716 441 759 nostris
472 717 682 759 manibus
714 720 999 772 presentasse
1033 722 1076 760 et
1110 718 1219 760 dicti
1256 719 1376 774 regis
1412 721 1715 763 mutacionem
1738 721 1894 764 lauda-

272 786 409 829 bilem
452 790 588 842 atque
622 790 827 830 sanctam
859 788 1075 831 seriosius
1110 789 1359 845 explicasse
1393 803 1444 831 ac
1477 791 1612 833 etiam
1645 792 1895 835 ostendisse
1943 791 1951 797 ”

272 857 406 913 plura
434 857 635 912 capitula
666 872 749 913 per
779 872 931 914 regem
966 860 1154 901 eundem
1187 873 1275 902 non
1308 861 1506 902 humana
1537 862 1795 917 provisione
1827 867 1896 906 set

272 927 423 970 divino
457 928 678 971 instinctu
718 929 913 981 condita,
950 930 1150 972 divinum
1194 930 1433 973 servicium
1466 935 1510 973 et
1542 932 1896 988 adquisicionem

277 998 456 1042 celestis
480 999 624 1054 glorie
646 1000 938 1054 productura,
974 1001 1136 1055 quibus
1159 1001 1288 1043 lectis
1312 1005 1355 1042 et
1376 1002 1586 1056 perlectis
1610 1016 1661 1044 ac
1681 1005 1896 1046 memorie

270 1069 639 1112 intellectualiter
687 1071 992 1113 comendatis:
1041 1085 1123 1114 nos
1175 1074 1300 1113 tante
1345 1076 1388 1113 et
1434 1076 1528 1114 tam
1570 1073 1812 1117 laudabilis
1844 1088 1896 1117 ac

271 1140 396 1183 utilis
441 1141 592 1194 operis
633 1141 921 1183 ordinacione
956 1144 1188 1196 stupentes
1223 1142 1371 1185 divine
1404 1143 1620 1186 bonitatis
1654 1144 1896 1187 clemencia

272 1211 527 1253 sublevavit
569 1225 735 1266 corque
781 1218 988 1254 nostrum
1036 1212 1256 1265 firmavit,
1304 1216 1354 1255 ut
1397 1213 1559 1256 horum
1597 1215 1797 1258 omnium
1829 1217 1894 1258 in-

270 1281 577 1337 telligenciam
629 1295 911 1337 caperemus,
958 1296 1012 1325 ex
1058 1283 1220 1338 quibus
1269 1287 1372 1340 post
1419 1287 1650 1339 stuporem
1697 1285 1895 1329 leticiam

271 1353 422 1395 cordis
446 1366 496 1394 ac
524 1353 680 1408 gaudii
711 1353 1065 1396 immensitatem
1098 1355 1395 1409 sumpsimus3
1436 1355 1763 1411 conspicientes
1795 1371 1894 1412 pre-

272 1423 493 1477 scriptum
539 1437 693 1479 regem
743 1426 786 1466 et
830 1424 915 1467 hoc
958 1425 1073 1467 velle
1121 1426 1178 1467 ad
1224 1425 1397 1481 hocque
1444 1426 1635 1469 ferventi
1672 1427 1894 1470 desiderio

274 1494 560 1549 conspirare,
609 1495 798 1550 spiritus
846 1496 993 1538 sancti
1039 1496 1225 1538 flamma
1268 1496 1558 1551 inspiratum,
1608 1499 1727 1553 quod
1773 1503 1895 1553 post-

271 1565 435 1619 positis
482 1565 616 1608 huius
663 1565 849 1608 finibilis
897 1569 941 1608 et
987 1566 1192 1609 fallibilis
1239 1570 1415 1609 terrene
1457 1568 1547 1610 vite
1580 1568 1764 1621 deliciis,
1810 1583 1893 1625 que

271 1636 407 1691 digne
447 1636 611 1678 debent
644 1636 822 1679 dolores
856 1639 900 1679 et
932 1637 1259 1680 amaritudines
1293 1637 1496 1693 apellari,
1542 1638 1809 1682 deliberavit
1842 1654 1894 1682 ex

268 1709 378 1748 tunc
409 1706 500 1749 vite
533 1720 612 1749 sue
646 1708 877 1750 residuum
909 1707 955 1749 in
989 1708 1254 1764 obsequium
1286 1711 1536 1764 expendere
1557 1710 1697 1753 Jhesu
1725 1709 1895 1754 Christi

271 1780 316 1819 et
357 1791 409 1819 ea
455 1791 609 1833 agere,
652 1791 733 1832 per
773 1792 859 1834 que
896 1792 1059 1821 nomen
1093 1780 1207 1832 eius,
1251 1781 1371 1836 quod
1403 1794 1539 1835 super
1571 1794 1700 1823 omne
1731 1795 1893 1824 nomen

269 1848 556 1901 describitur,
579 1849 792 1891 laudetur
815 1862 841 1890 a
863 1850 1074 1905 gentibus
1105 1851 1396 1906 sequentibus
1429 1852 1526 1894 vias
1559 1865 1665 1894 suas
1699 1856 1742 1894 et
1775 1854 1894 1908 quod

273 1919 632 1962 exterminentur
678 1920 836 1975 populi
882 1919 1004 1963 illius
1052 1921 1221 1963 virtute
1268 1922 1544 1965 sanctissimi
1590 1922 1784 1966 nominis
1833 1924 1892 1977 (Ρ)

274 1989 609 2034 blasfemantes.
689 1991 776 2033 Per
822 1991 903 2033 hec
945 1994 1095 2033 autem
1141 1995 1269 2035 tanto
1310 1992 1477 2036 fuimus
1521 1993 1566 2035 in
1612 1993 1774 2036 divinis
1816 1995 1894 2036 ob-

269 2059 440 2115 sequiis
474 2060 721 2104 animosius
764 2062 944 2115 exitati,
989 2066 1159 2118 quanto
1203 2063 1489 2107 manifestius
1527 2064 1719 2107 vidimus
1751 2065 1835 2107 hoc
1868 2078 1894 2107 a

272 2131 366 2173 Deo
398 2143 487 2172 non
521 2132 573 2172 ab
608 2131 788 2174 homine
820 2133 1108 2186 processisse.

416 2200 580 2257 Sicque
627 2203 941 2258 rescripsimus
990 2204 1109 2247 dicto
1156 2205 1269 2259 regi,
1322 2205 1468 2249 nostri
1521 2219 1617 2250 esse
1672 2207 1893 2261 propositi

269 2272 464 2315 existere
486 2273 531 2314 in
554 2274 718 2316 unione
747 2287 897 2318 secum
933 2275 1082 2318 animo
1117 2279 1161 2318 et
1192 2276 1365 2319 viribus
1398 2277 1645 2320 universsis
1677 2291 1759 2331 pro
1793 2291 1892 2320 exe-

270 2342 453 2385 cucione
509 2344 658 2397 operis
712 2348 754 2387 et
804 2345 981 2401 negocii
1031 2346 1354 2401 predictorum,
1408 2362 1497 2390 non
1537 2348 1683 2391 solum
1736 2351 1891 2402 utpote

361 2447 368 2455 .
415 2417 464 2456 ut
507 2427 615 2468 pars
659 2415 803 2457 altera
845 2418 913 2458 set
957 2419 1008 2458 ut
1050 2420 1182 2472 pater
1227 2420 1270 2460 et
1323 2418 1488 2460 artifex
1541 2432 1593 2460 ac
1644 2422 1891 2474 promotor,

269 2487 407 2540 prout
444 2484 588 2537 nobis,
634 2485 752 2527 sicut
782 2485 1010 2529 ferventer
1043 2488 1313 2543 appetimus,
1345 2489 1597 2545 prestiterit
1628 2489 1723 2544 ipse
1755 2490 1888 2532 Deus.

270 2555 458 2610 Iamque
491 2554 626 2597 etiam
662 2557 882 2610 quasdam
915 2557 1248 2602 declaraciones
1285 2562 1328 2601 et
1364 2559 1666 2615 addiciones2>
1709 2560 1891 2616 quibus-

268 2627 376 2668 dam
419 2640 471 2668 ex
505 2625 716 2680 capitulis
748 2626 949 2679 fecimus,
993 2628 1126 2670 sicuti
1157 2629 1286 2672 nobis
1320 2630 1568 2673 altissimus
1601 2631 1889 2673 ministravit.

412 2696 672 2738 Reverende
685 2697 839 2752 itaque
861 2701 1005 2753 pater,
1026 2700 1277 2742 amiciciam
1294 2704 1506 2753 vestram,
1531 2714 1666 2756 quam
1685 2701 1890 2742 intimam

273 2767 473 2823 gerimus
505 2767 551 2809 in
579 2767 868 2822 vi[s]ceribus
895 2769 1044 2811 cordis
1071 2771 1229 2823 nostri,
1263 2774 1433 2813 certam
1456 2771 1660 2823 facimus,
1695 2773 1814 2827 quod
1846 2771 1891 2813 in

268 2838 506 2894 premissis
535 2838 600 2880 sic
633 2838 885 2892 celestibus,
919 2839 965 2880 in
999 2844 1218 2895 quantum
1252 2842 1515 2897 poterimus,
1550 2848 1703 2897 partes
1736 2846 1889 2885 nostre

271 2908 572 2951 solicitudinis
606 2922 832 2965 apponere
865 2909 1170 2965 disposuimus
1205 2915 1247 2953 et
1280 2912 1398 2954 dicto
1432 2913 1527 2967 regi
1568 2912 1701 2955 fratri
1733 2916 1888 2955 nostro

414 3014 439 3057 ²³)
466 3015 569 3049 Diese
594 3014 714 3048 fehlen
739 3014 856 3048 leider.

412 3097 544 3128 Finke,
565 3098 639 3124 Acta
659 3097 866 3130 Axagonensia.
1704 3088 1747 3121 56
