2296 3512
919 222 1236 263 —923-

410 349 500 385 CRD
533 350 601 385 694
633 362 659 385 S.
693 351 718 386 f.
773 350 831 385 Or.
863 350 945 393 Pap.
984 349 1120 393 Spuren
1157 350 1252 384 eines
1288 351 1449 394 grossern
1486 350 1620 383 runden
1651 349 1791 393 Siegels.
1847 349 1889 383 In

266 409 330 442 der
354 409 453 443 Mitte
479 409 535 443 ein
561 409 667 444 Stiick
692 407 910 454 weggefault.
955 409 1017 442 Die
1043 408 1204 453 Neigung
1229 420 1308 442 zum
1328 408 1515 442 Verlassen
1540 409 1682 443 Leridas
1709 408 1888 442 herrschte

268 467 456 502 besonders
481 468 515 501 in
543 469 609 502 den
636 473 752 503 ersten
776 468 909 502 Jahren
935 468 994 501 des
1022 469 1075 502 14.
1101 467 1224 501 Jahrh.

270 576 369 616 594.
410 575 571 630 Jayme
592 577 659 617 II.
692 589 750 617 an
794 575 973 617 Rektor
1017 574 1111 615 und
1147 574 1433 617 Universitiit
1463 575 1658 616 Lerida:
1700 575 1783 616 hat
1815 574 1890 616 die

270 645 541 699 Mitteilung
581 647 708 688 ihres
746 644 1074 699 Abgesandten
1118 643 1314 698 genisii-123
1363 645 1579 687 ermahnt
1610 645 1742 687 nicht
1773 656 1890 698 weg-

268 716 490 769 zugehen,
528 717 600 758 bis
634 728 685 758 er
716 716 988 758 denlniichst
1018 715 1200 757 kommt
1231 715 1322 757 und
1355 714 1570 768 griissere
1604 716 1891 768 Privilegien

604 788 828 841 gewithrt.
891 786 1148 829 Barcelona
1180 785 1336 840 (1305)
1368 787 1456 828 Mai
1491 786 1558 828 13.

410 880 632 924 Discretis
665 884 709 923 et
738 880 914 923 dilectis
948 880 1041 923 suis
1073 880 1241 922 rectori
1267 882 1311 921 et
1332 880 1619 922 universitati
1646 880 1891 922 scolarium

268 951 495 1007 generalis
537 952 677 995 studii
717 951 960 994 Iler-densis
1003 955 1084 993 etc.
1150 949 1261 993 Cum
1298 950 1534 1006 reparacio
1573 963 1651 993 seu
1693 950 1890 992 mutacio

269 1022 408 1064 studii
439 1022 682 1066 Ilerdensis
714 1023 908 1065 multum
941 1022 1001 1065 sit
1032 1022 1162 1064 nobis
1196 1021 1333 1073 cordi,
1368 1035 1469 1063 cum
1502 1022 1631 1063 cedat
1665 1022 1719 1063 ad
1752 1021 1891 1063 hono-

269 1106 365 1135 rem
408 1096 619 1136 nostrum
660 1096 703 1136 et
736 1095 793 1136 ad
827 1106 1061 1135 comunem
1099 1092 1245 1135 tocius
1280 1092 1408 1147 regni
1440 1093 1587 1133 nostri
1623 1091 1890 1133 utilitatem:

269 1166 314 1206 et
356 1167 602 1220 propterea
646 1178 763 1206 nunc
806 1164 851 1206 in
896 1167 1054 1207 nostra
1099 1163 1225 1206 curia
1267 1163 1663 1219 proposuissemus
1703 1163 1756 1204 de
1792 1161 1892 1217 ipso

270 1235 421 1278 studio
455 1236 681 1288 ordinare,
722 1248 858 1291 super
891 1247 978 1290 quo
1012 1234 1276 1277 Dominicus
1310 1234 1363 1275 de
1396 1233 1609 1288 Beylcayl
1641 1232 1892 1288 archipres-

271 1306 389 1348 biter
430 1306 619 1348 Morelle
660 1319 715 1348 ex
756 1309 888 1361 parte
932 1308 1085 1348 vestra
1127 1306 1184 1347 ad
1229 1319 1311 1354 nos
1345 1304 1511 1347 missus
1544 1317 1681 1360 penes
1715 1316 1796 1346 nos
1828 1304 1894 1345 in-

270 1377 390 1420 stitit
429 1380 472 1419 et
505 1391 656 1420 coram
699 1377 830 1420 nobis
872 1376 1218 1432 diligentissime
1259 1375 1469 1431 exposuit
1501 1375 1819 1418 necessitatem
1852 1377 1895 1415 et

270 1451 441 1490 statum
485 1448 625 1491 studii
665 1448 930 1490 memorati:
981 1450 1133 1489 tamen
1180 1460 1280 1488 cum
1321 1449 1511 1503 propter
1551 1445 1894 1501 occupationem

271 1519 571 1575 negotiorum,
610 1533 696 1575 que
728 1519 774 1560 in
806 1522 965 1561 nostra
998 1518 1124 1560 curia
1156 1531 1274 1559 nunc
1306 1520 1576 1569 tractantur,
1612 1517 1796 1558 comode
1828 1516 1894 1558 in-

268 1591 453 1632 tendere
496 1604 586 1632 non
627 1590 857 1646 possimus
900 1591 943 1631 et
984 1589 1092 1644 quia
1135 1589 1253 1631 cives
1291 1588 1460 1639 Ilerde,
1504 1588 1581 1643 qui
1612 1587 1894 1629 Barchinone

267 1674 388 1702 nunc
400 1662 456 1715 (Ρ)
474 1663 591 1712 sunt,
608 1674 745 1716 super
761 1661 847 1703 hoc
863 1674 952 1702 non
970 1660 1138 1703 habent
1149 1660 1330 1715 plenam
1344 1662 1386 1701 et
1398 1659 1588 1700 liberam
1606 1661 1894 1714 potestatem,

270 1732 428 1775 habita
469 1745 606 1788 super
646 1732 733 1775 hiis
777 1731 1102 1774 deliberatione
1134 1730 1341 1787 plenaria
1374 1730 1585 1772 duximus
1619 1729 1788 1771 dictum
1820 1742 1895 1770 ne-

272 1804 444 1858 gotium
498 1803 814 1854 differendum,
865 1815 1099 1857 quousque
1143 1814 1226 1844 nos
1274 1801 1415 1843 simus
1463 1799 1804 1856 presencialiter
1850 1799 1895 1840 in

272 1874 455 1916 civitate
487 1874 647 1926 Ilerde,
682 1875 739 1916 ad
772 1887 907 1929 quam
941 1873 986 1915 in
1014 1873 1140 1915 brevi
1168 1886 1265 1915 esse
1287 1872 1563 1914 intendimus
1587 1870 1768 1913 domino
1793 1883 1895 1912 con-

272 1945 467 1987 cedente.
531 1945 589 1986 Et
614 1945 714 1987 ideo
748 1958 828 1987 vos
861 1945 1097 1987 universos
1132 1946 1175 1985 et
1207 1943 1411 1999 singulos
1443 1941 1716 1998 requirimus
1749 1945 1792 1983 et
1824 1954 1895 1982 ro-

272 2029 453 2072 gamus,
502 2020 725 2072 quatenus
773 2017 827 2058 de
869 2015 988 2058 dicto
1038 2014 1188 2057 studio
1229 2015 1438 2056 recedere
1469 2026 1556 2055 non
1591 2012 1765 2055 velitis:
1815 2025 1897 2054 nos

272 2087 391 2129 enim
424 2087 663 2130 scribimus
696 2086 959 2129 doctoribus
1002 2090 1045 2128 et
1074 2085 1330 2141 magistris,
1372 2085 1491 2141 quod
1523 2084 1587 2125 ibi
1617 2086 1896 2134 remaneant,

274 2157 380 2212 quia
420 2170 503 2199 nos
545 2158 608 2200 eis
649 2157 721 2199 vel
763 2157 910 2199 Ilerde
954 2156 1025 2198 vel
1061 2157 1104 2197 in
1139 2156 1237 2199 loco
1272 2156 1360 2197 alio
1394 2158 1650 2211 opportuno
1684 2153 1897 2197 satisfieri

271 2228 503 2271 faciemus.
567 2229 625 2270 Et
662 2242 764 2270 cum
805 2228 869 2270 ibi
911 2228 1078 2270 erimus
1120 2227 1300 2283 gracias
1342 2229 1386 2268 et
1423 2226 1663 2282 privilegia
1702 2239 1785 2281 per
1815 2237 1897 2267 nos

273 2299 402 2342 vobis
436 2311 650 2342 concessa
681 2299 1026 2341 observabimus
1061 2301 1104 2340 et
1131 2298 1365 2341 observari
1396 2297 1614 2339 faciemus
1648 2299 1691 2338 et
1722 2295 1898 2338 maiora

274 2370 416 2412 eciam
469 2371 784 2422 concedemus,
835 2372 887 2411 ut
941 2369 1107 2412 ibidem
1153 2370 1200 2411 in
1245 2368 1395 2412 studio
1439 2368 1727 2424 proficientes
1773 2366 1896 2422 [De]0

274 2441 444 2484 servire
486 2444 530 2482 et
572 2442 825 2496 gubernare
866 2455 961 2482 rem
1001 2443 1204 2483 nostram
1238 2439 1467 2496 publicam
1500 2438 1728 2482 adiscatis.
1794 2438 1895 2479 Dat.

273 2512 555 2554 Barchinone
587 2512 665 2553 ΠΙ.
695 2512 796 2554 idus
828 2512 966 2554 Madii
1003 2525 1120 2554 anno
1153 2511 1371 2567 predicto.

415 2582 497 2625 Reg.
523 2582 592 2616 235
619 2582 643 2615 f.
665 2581 745 2616 218.
805 2581 943 2614 Vorher
979 2581 1076 2625 geht:
1116 2581 1285 2614 Discretis
1324 2583 1358 2614 et
1395 2579 1528 2614 dilectis
1561 2579 1687 2613 rectori
1714 2581 1747 2612 et
1772 2578 1897 2621 magis-

274 2642 336 2675 tris
363 2645 396 2674 et
422 2640 497 2674 aliis
522 2639 709 2674 lectoribus
734 2640 907 2673 universis
934 2642 968 2673 et
993 2639 1136 2683 singulis
1163 2640 1205 2673 ad
1232 2650 1379 2674 comune
1406 2639 1590 2673 scolarium
1618 2638 1766 2672 civitatis
1786 2636 1898 2670 llerde

272 2700 468 2744 legentibus
493 2700 529 2733 in
555 2699 667 2733 studio
693 2698 862 2733 ilerdensi
888 2700 953 2732 etc.
988 2699 1058 2732 Hat
1075 2699 1143 2732 den
1161 2699 1364 2732 Dominicus
1391 2699 1432 2731 de
1450 2696 1594 2740 Beylcal
1619 2696 1899 2740 archipresbyter

274 2758 419 2793 Morelle
445 2759 579 2803 gehort.
632 2758 741 2792 Bittet
777 2758 876 2791 nicht
900 2757 1135 2801 wegzugehen
1172 2768 1240 2791 von
1266 2757 1401 2799 Lerida,
1439 2757 1482 2790 da
1507 2767 1545 2789 er
1582 2755 1660 2789 bald
1693 2755 1896 2789 hinkommt.

273 2819 351 2855 Dat.
378 2818 417 2854 B.
444 2817 510 2852 111.
537 2818 612 2850 idus
638 2817 742 2851 Madii
768 2828 797 2850 a.
825 2816 979 2860 predicte
1007 2816 1136 2860 [1305].

278 2927 375 2967 595.
421 2926 624 2968 Poncius
666 2924 722 2967 de
760 2923 1042 2976 Aquilenido
1079 2924 1214 2977 prior
1245 2922 1462 2965 Vatensis
1506 2934 1564 2963 an
1607 2922 1769 2976 Jayme
1800 2921 1896 2962 IL:

275 2997 439 3038 sendet
459 2995 767 3049 Transsumpt
799 2995 925 3036 eines
952 2994 1184 3047 Privilegs
1216 2994 1336 3035 betr.
1359 2993 1436 3035 Kl.
1464 2993 1591 3034 Mons
1614 2992 1897 3045 Aragonum,
