2296 3512
1000 179 1317 219 —620—

348 313 572 354 steterunt
607 308 751 352 clausi
784 311 827 350 et
860 307 1006 349 adhuc
1038 309 1164 349 stant
1196 305 1351 358 clausi,
1384 318 1474 347 non
1505 304 1819 358 permittentes
1842 302 1899 344 ad
1922 314 1970 344 se

349 381 545 436 aliquem
591 380 776 421 intrare.
856 378 931 430 Et,
978 380 1029 418 ut
1076 376 1241 418 dicitur
1274 377 1327 418 ab
1363 375 1590 430 aliquibus
1623 375 1676 416 de
1708 372 1971 416 custodibus

352 465 522 503 eorum,
567 463 655 493 non
696 448 870 491 faciunt
913 447 1001 490 nisi
1031 447 1138 489 flere
1173 450 1216 489 et
1250 450 1297 488 ut
1327 445 1634 500 parturientes
1667 444 1872 495 clamare,
1907 442 1972 485 di-

350 525 514 574 centes,
663 520 783 575 quod
832 520 887 561 de
934 521 1082 560 cetero
1130 517 1258 573 regia
1303 519 1458 560 vestra
1501 528 1669 557 corona
1716 515 1812 557 sine
1850 512 1973 555 omni

349 591 712 635 contradiccione
746 589 1055 632 dominabitur
1087 589 1173 631 toti
1203 588 1374 631 Tuscie.

492 662 587 704 Alii
639 661 782 703 eciam
833 673 1039 703 rumores
1095 659 1158 702 eis
1214 658 1369 702 tristes
1408 660 1452 699 et
1497 655 1786 699 confusibiles
1819 667 1974 709 super-

349 734 588 785 venerunt,
662 732 782 786 quod
840 730 1048 773 dominus
1106 729 1400 785 Raymundus
1459 729 1512 769 de
1575 725 1830 781 Cardona3)
1896 738 1977 779 per

351 803 610 846 Gebellinos
658 803 713 844 (10
746 801 1022 845 Lombardia
1069 804 1243 855 captus,
1283 801 1444 842 ductus
1487 801 1555 840 est
1586 796 1891 840 Mediolanum
1933 798 1978 837 et

348 875 468 916 inter
517 877 674 928 captos
724 875 768 915 et
812 874 1019 914 mortuos
1071 872 1183 913 bene
1231 869 1479 925 octingenti
1525 869 1579 910 de
1624 871 1756 922 parte
1794 880 1877 910 3113
1907 879 1977 908 10-

349 946 620 988 manserunt
652 946 696 986 et
725 943 845 985 inter
878 943 991 985 alios
1024 942 1202 993 dicitur,
1244 941 1363 995 quod
1394 940 1578 981 fuerunt
1615 938 1784 981 mortui
1821 949 1978 980 omnes

349 1015 547 1058 maiores
584 1016 637 1057 de
669 1017 799 1069 parte
833 1012 996 1056 Guelfa
1029 1046 1071 1054 ..

492 1086 673 1127 Dicitur
716 1085 802 1138 hic,
845 1085 965 1138 quod
996 1082 1149 1125 nuncii
1180 1081 1384 1123 Luchani
1425 1083 1531 1123 sunt
1561 1079 1860 1131 Barchinone,
1900 1078 1979 1133 qui

353 1157 510 1199 volunt
541 1170 589 1199 se
623 1157 804 1198 tradere
836 1158 987 1197 vestro
1030 1154 1105 1209 pio
1140 1156 1183 1195 et
1213 1153 1334 1194 iusto
1379 1154 1423 1193 et
1454 1151 1580 1206 regio
1614 1149 1862 1204 dominio4)
1898 1183 1905 1190 .
1933 1183 1940 1190 .
1971 1182 1979 1190 .

495 1262 502 1269 .
531 1261 540 1270 .
567 1261 574 1268 .
610 1226 836 1279 Credatis,
885 1225 1063 1268 domine
1095 1224 1158 1266 mi
1204 1236 1305 1275 1011,
1355 1223 1474 1277 quod
1528 1221 1700 1263 amicus
1732 1223 1883 1262 vester
1914 1220 1980 1261 in-

352 1298 491 1341 timus
541 1301 610 1341 est
655 1298 701 1339 in
749 1299 877 1338 tanto
925 1294 1065 1338 iubilo
1111 1295 1165 1336 de
1212 1293 1340 1349 regia
1386 1292 1580 1334 victoria
1611 1295 1654 1333 et
1693 1292 1745 1333 de
1777 1291 1983 1346 predicta

353 1369 586 1412 oblacione
618 1368 949 1418 Luchanorum‚
985 1366 1104 1421 quod
1136 1378 1225 1406 non
1256 1367 1411 1419 potest
1436 1363 1712 1405 abscondere
1735 1375 1816 1404 nec
1837 1361 1984 1403 celare

352 1453 435 1482 1100
476 1439 616 1481 eciam
652 1438 954 1489 dissimulare,
999 1436 1106 1491 quin
1145 1435 1324 1491 publice
1365 1438 1408 1476 et
1441 1433 1682 1476 manifeste
1714 1446 1805 1475 non
1838 1431 1984 1474 dicat:

354 1511 474 1566 quod
506 1523 588 1552 vos
621 1509 731 1552 estis
765 1508 972 1551 dominus
1007 1510 1050 1549 et
1072 1521 1152 1549 rex
1175 1506 1334 1549 Tuscie
1362 1539 1369 1546 .
1397 1539 1403 1546 .
1432 1539 1440 1546 .
1474 1504 1596 1547 Dicit
1620 1504 1761 1546 eciam
1783 1502 1977 1559 publice,

355 1581 475 1636 quod
525 1581 711 1636 dignum
760 1582 803 1621 et
850 1579 1020 1621 iustum
1070 1581 1113 1619 et
1158 1577 1471 1619 indubitanter
1519 1589 1545 1617 a
1591 1576 1687 1617 Deo
1731 1573 1980 1630 provisum,

356 1653 476 1707 quod
520 1654 673 1694 vestra
716 1650 843 1706 regia
884 1652 1115 1705 magestas
1157 1651 1316 1703 regnet
1348 1647 1394 1688 in
1427 1646 1603 1698 Tuscia,
1648 1659 1747 1687 cum
1780 1649 1982 1686 vestrum

355 1722 604 1764 dominium
637 1721 770 1764 hodie
801 1721 847 1762 in
879 1721 1047 1762 mundo
1082 1719 1141 1761 sit
1166 1732 1271 1761 vere
1294 1718 1475 1761 nomine
1510 1721 1553 1759 et
1575 1730 1624 1758 re
1656 1729 1859 1772 regnum.
1922 1714 1987 1756 Et

356 1793 447 1835 alia
482 1792 683 1835 dominia
715 1792 806 1834 sint
837 1791 1089 1846 tyrannica.

496 1875 581 1909 Eine
614 1874 884 1908 Gesandtschaft
913 1873 975 1907 der
1000 1872 1180 1907 Genueser
1205 1870 1425 1905 Ghibellinen
1454 1880 1526 1903 war
1558 1869 1634 1903 11101
1666 1868 1737 1902 1111(1
1761 1867 1872 1911 zeigte
1899 1866 1979 1900 dem

355 1934 532 1974 „amicus·'·
559 1933 643 1967 zwei
660 1932 802 1975 ArtikeL
836 1933 890 1967 die
916 1932 966 1967 sie
983 1931 1019 1965 in
1036 1930 1229 1965 Barcelona
1245 1932 1434 1974 vortragen
1451 1927 1602 1971 wolsten,
1628 1939 1661 1961 u.
1681 1938 1711 1963 a.
1730 1927 1810 1961 dass
1836 1926 1887 1960 sie
1905 1926 1986 1959 dem

355 1993 469 2037 Konig
494 1993 548 2027 die
566 1992 777 2026 Herrschaft
801 1991 897 2025 ihrer
914 1991 1013 2026 Stadt
1038 1990 1211 2024 anbieten.
1253 1989 1415 2023 Amicus:
1441 1987 1519 2021 Nur
1536 1997 1638 2021 wenn
1663 1987 1723 2020 fiir
1748 1986 1875 2019 immer
1901 1984 1987 2019 oder

355 2052 576 2086 mindestens
613 2051 659 2086 20
694 2051 776 2085 oder
813 2050 860 2085 20
891 2050 1009 2084 Jahre.
1066 2049 1210 2083 Amicus
1247 2050 1301 2082 rat
1338 2046 1551 2091 schleunigst
1588 2046 1665 2080 eine
1697 2045 1809 2079 Flotte
1846 2044 1882 2078 in
1920 2044 1989 2077 den

356 2111 476 2145 Hafen
500 2121 569 2144 von
585 2110 673 2144 Pisa
698 2121 741 2143 zu
767 2110 908 2145 senden.
950 2109 1023 2143 Der
1039 2108 1159 2142 Infant
1176 2107 1279 2142 diirfe
1295 2106 1394 2141 nicht
1410 2106 1446 2139 in
1463 2105 1645 2140 Sardinien
1662 2103 1810 2146 bleiben‚
1837 2103 1989 2137 sondern

355 2170 404 2204 im
429 2170 609 2215 gesunden
637 2169 777 2204 Corsica
801 2169 873 2202 und
899 2168 1027 2203 ebenso
1053 2167 1149 2202 seine
1174 2167 1346 2211 Truppen.

498 2241 556 2283 Et
587 2241 767 2283 videtur
801 2240 960 2293 amico,
996 2240 1116 2295 quod
1147 2238 1360 2294 precipue
1384 2237 1441 2279 ad
1462 2236 1713 2292 predictam
1742 2234 1986 2277 sanitatem

359 2312 716 2355 conservandam
740 2316 858 2354 esset
879 2310 1200 2362 necessarium,
1220 2309 1339 2364 quod
1362 2307 1682 2350 ordinarentur
1706 2318 1788 2361 per
1815 2304 1987 2359 regiam

357 2385 657 2438 magestatem
685 2382 784 2423 fieri
806 2395 886 2437 per
910 2381 1132 2433 civitates,
1167 2382 1332 2431 castra,
1365 2378 1499 2420 villas
1533 2381 1576 2419 et
1599 2376 1770 2419 casalia
1793 2375 1986 2418 cisterne

360 2454 521 2510 algubs
567 2452 639 2495 vel
671 2452 982 2508 saffareygs5),
1015 2451 1061 2492 in
1096 2450 1259 2506 quibus
1291 2449 1572 2504 reciperetur
1606 2460 1726 2503 aqua
1757 2445 1984 2502 pluvialis,

360 2527 404 2567 et
448 2524 590 2566 eciam
630 2524 677 2565 in
709 2523 795 2566 viis
827 2522 1021 2578 publicis
1053 2521 1203 2564 forent
1236 2520 1412 2575 algubs,
1456 2519 1535 2561 ubi
1565 2522 1767 2560 matores
1799 2518 1986 2573 possent

359 2594 592 2638 reffodiari
625 2598 668 2636 et
701 2595 753 2636 de
784 2593 1002 2650 predictis
1042 2592 1172 2647 aquis
1204 2594 1441 2633 uterentur
1473 2593 1629 2645 gentes
1663 2589 1720 2630 ad
1741 2587 1986 2631 bibendum

361 2669 404 2708 et
452 2667 508 2707 ad
556 2664 889 2720 coquinandum
938 2668 981 2706 et
1029 2663 1086 2705 ad
1122 2662 1380 2704 faciendum
1426 2674 1604 2716 panem.
1682 2659 1800 2702 Aliis
1834 2660 1986 2700 autem

503 2780 530 2825 3)
556 2781 632 2826 Vgl.
666 2781 793 2815 Villani
824 2781 889 2824 IX,
928 2780 997 2815 238
1028 2779 1209 2823 (Mmatori
1247 2778 1295 2814 SS
1321 2778 1424 2822 XJII,
1457 2777 1556 2821 55o);
1583 2776 1710 2812 Chron.
1747 2774 1896 2809 Modoet.
1929 2772 1985 2808 bei

359 2841 529 2876 Muratori
555 2840 641 2885 ΧΠ,
668 2841 769 2875 1135.
820 2840 906 2874 Ζ11111
931 2839 1060 2873 Datum
1086 2838 1237 2874 Chroust
1262 2837 1295 2872 S.
1321 2838 1378 2874 44,

502 2899 530 2944 4)
555 2898 632 2943 Vgl.
646 2898 709 2934 Nr.
728 2898 806 2934 395.

504 2958 531 3002 ⁵)
556 2957 778 3002 Vertiefung,
806 2968 865 2991 um
889 2957 1036 2992 Wasser
1060 2956 1327 2990 aufzunehmen.
