2296 3512
917 195 1235 235 —921—

268 326 461 370 Studien
508 325 673 367 halber
719 325 795 366 ein
841 324 1071 366 Untertan
1116 324 1164 364 in
1213 321 1289 363 die
1332 320 1529 363 Fremde
1572 319 1704 373 gehe.
1774 318 1891 360 1302

889 392 1160 447 September
1197 392 1265 434 13.

407 465 594 507 Dilectis
633 468 677 507 et
707 463 915 506 fidelibus
949 463 1042 505 suis
1076 462 1299 504 universis
1334 464 1377 503 et
1410 460 1601 515 singulis
1635 459 1891 501 oficialibus

267 536 434 579 nostris
467 536 512 578 in
544 536 696 591 regnis
730 537 774 576 et
805 534 940 576 terris
964 534 1132 575 nostris
1155 532 1344 574 ubilibet
1368 531 1626 574 constitutis
1651 533 1731 572 etc.
1796 529 1891 572 Vos

267 607 477 662 ignorare
509 619 597 648 non
625 605 861 656 credimus,
891 604 1087 659 qualiter
1109 616 1191 645 nos
1215 606 1311 644 tum
1342 602 1612 644 auctoritate
1636 599 1890 657 apostolica

268 690 403 733 quam
434 678 592 719 nostra
622 677 668 718 in
701 675 883 718 civitate
916 674 1061 716 Ilerde
1094 673 1293 716 studium
1325 673 1370 714 in
1415 672 1679 714 liberalibus
1713 671 1891 713 artibus

268 750 311 789 et
349 747 615 803 approbatis
654 746 858 790 scienciis
899 745 1239 800 quibuscunque
1280 743 1561 785 instituimus
1603 741 1812 798 generale
1846 744 1889 783 et
1938 788 1947 794 ,

268 817 462 873 qualiter
493 818 643 873 ipsum
681 818 917 859 doctorum
958 819 1000 857 et
1039 814 1364 869 magistrorum
1404 827 1566 868 magne
1600 811 1890 855 auctoritatis

266 889 500 944 presencia
531 891 625 930 tam
659 888 754 929 iure
789 887 1003 929 canonico
1028 889 1071 928 et
1098 885 1231 937 civili,
1264 884 1500 936 medicina,
1524 883 1813 939 philosophia
1846 886 1890 925 et

268 959 442 1002 artibus
483 959 740 1001 curavimus
777 958 995 1013 insignire
1038 970 1089 999 ac
1122 957 1265 1009 donis,
1306 955 1610 1005 libertatibus,
1644 954 1811 1009 graciis
1846 957 1889 996 et

264 1030 514 1086 privilegiis
532 1029 672 1072 variis
691 1030 918 1071 decorare.
970 1030 1097 1070 Nunc
1119 1030 1284 1079 autem,
1307 1029 1444 1082 prout
1467 1025 1597 1067 nobis
1621 1029 1689 1067 est
1708 1025 1889 1066 intima—

265 1103 375 1153 tum,
423 1101 628 1143 nonnulli
661 1101 714 1142 de
746 1100 897 1155 regnis
932 1104 976 1141 et
1008 1099 1142 1141 terris
1175 1098 1305 1140 nobis
1338 1097 1553 1139 subiectis
1588 1097 1641 1137 de
1685 1095 1890 1137 iamdicti

266 1171 404 1214 studii
426 1171 702 1215 sufficiencia
724 1185 813 1213 non
837 1170 1036 1213 contenti
1056 1173 1227 1211 terram
1246 1172 1290 1210 et
1305 1167 1666 1210 iurisdiccionem
1684 1169 1887 1208 nostram

266 1256 403 1285 causa
435 1243 647 1285 studendi
680 1244 892 1284 exeuntes
927 1242 984 1283 ad
1017 1241 1166 1283 aliena
1198 1239 1350 1283 studia
1382 1239 1478 1281 sine
1512 1251 1650 1280 causa
1682 1237 1891 1279 raciona-

267 1313 345 1355 bili
377 1327 424 1357 se
456 1313 624 1355 facient
656 1312 934 1369 peregrinos,
968 1325 1053 1367 que
1086 1311 1158 1353 hic
1191 1311 1412 1353 afluenter
1442 1309 1690 1360 inveniunt,
1730 1311 1780 1350 ut
1811 1321 1888 1349 va-

266 1384 403 1440 gandi
450 1384 731 1427 occasionem
778 1383 1023 1435 inveniant,
1073 1382 1182 1424 alibi
1228 1381 1549 1423 mendicantes.
1626 1379 1892 1421 Afectantes

264 1455 405 1510 igitur
423 1458 466 1497 et
485 1455 698 1507 volentes,
722 1455 856 1510 quod,
881 1467 934 1496 ex
958 1467 1046 1509 quo
1069 1453 1114 1494 in
1134 1453 1254 1495 dicto
1281 1452 1431 1495 studio
1454 1451 1616 1493 messis
1641 1453 1709 1493 est
1729 1450 1890 1501 multa,

265 1526 460 1581 operarii
501 1539 591 1568 non
636 1529 740 1568 sunt
782 1525 928 1580 pauci7
975 1524 1193 1567 noveritis
1235 1536 1317 1565 nos
1362 1522 1615 1578 providisse
1661 1535 1713 1563 ac
1752 1520 1890 1563 etiam

265 1597 518 1649 ordinasse,
565 1597 684 1652 quod
727 1596 899 1649 nullus,
948 1596 1253 1651 cuiuscunque
1299 1593 1575 1636 condicionis
1621 1592 1799 1646 existat,
1835 1593 1889 1634 de

264 1670 387 1710 terra
420 1681 498 1710 seu
529 1667 847 1710 iurisdiccione
879 1670 1037 1709 nostra
1070 1667 1236 1708 audeat
1262 1666 1332 1707 vel
1362 1667 1596 1720 presumat
1621 1664 1723 1705 inde
1751 1676 1890 1705 causa

261 1739 471 1782 studendi
504 1738 626 1780 exire
666 1752 748 1780 nec
789 1738 846 1780 ad
890 1737 1012 1780 aliud
1045 1737 1247 1780 studium
1278 1740 1574 1792 preterquam
1608 1734 1889 1790 sepedictum

262 1810 461 1853 studium
504 1809 733 1852 Ilerdense
787 1810 999 1851 accedere
1041 1809 1136 1851 sine
1177 1810 1336 1850 nostra
1385 1806 1572 1862 speciali
1613 1805 1801 1848 licencia
1845 1807 1889 1846 et

260 1894 498 1936 permissu.

402 1950 695 2007 Quapropter
727 1951 855 1994 vobis
890 1954 933 1992 et
965 1950 1157 2006 singulis
1193 1952 1392 1992 vestrum
1428 1948 1619 1991 dicimus
1639 1951 1683 1989 et
1700 1947 1889 1989 manda·

262 2035 376 2075 mus,
416 2025 638 2078 quatenus
674 2056 681 2063 .
719 2057 726 2063 .
763 2056 770 2063 .
805 2021 1086 2078 prohibeatis
1128 2021 1324 2071 omnino,
1358 2022 1410 2061 ut
1448 2019 1598 2061 nullus
1634 2053 1641 2059 .
1677 2053 1685 2060 .
1723 2052 1729 2059 .
1766 2018 1887 2060 exire

260 2095 510 2148 presumat,
547 2127 554 2134 .
591 2127 598 2134 .
635 2127 642 2134 .
677 2093 894 2135 facientes
930 2127 937 2134 .
975 2126 982 2133 .
1018 2127 1026 2134 .
1067 2106 1149 2148 per
1181 2092 1282 2134 loca
1312 2091 1511 2146 insignia
1562 2124 1569 2131 .
1607 2125 1614 2131 .
1653 2125 1659 2131 .
1709 2089 1890 2146 publice

260 2164 543 2219 preconizari
584 2164 921 2206 ordinacionem
971 2167 1014 2205 et
1054 2163 1360 2219 provisionem
1403 2165 1608 2205 nostram
1644 2195 1651 2202 .
1688 2196 1695 2202 .
1733 2195 1740 2202 .
1782 2161 1889 2203 Dat.

260 2237 310 2276 ut
343 2248 493 2290 supra.
561 2234 683 2289 [idus
717 2234 996 2291 Septembris
1031 2248 1148 2277 anno
1182 2233 1353 2276 domini
1384 2231 1680 2288 M⁰OGGOH04

401 2304 483 2349 Reg.
514 2304 578 2339 125
606 2305 630 2338 f.
657 2306 739 2341 65V.
783 2305 973 2339 Darunter:
1001 2305 1052 2338 De
1078 2305 1234 2348 predicta
1259 2303 1360 2338 litera
1384 2304 1532 2338 fuerunt
1556 2303 1649 2336 facte
1675 2304 1747 2336 tres
1773 2302 1887 2336 consi-

259 2363 368 2400 miles.
419 2363 502 2407 Reg.
532 2362 597 2398 125
621 2364 648 2399 f.
675 2363 762 2398 66v:
794 2363 909 2407 Super
932 2364 1036 2407 facto,
1062 2374 1106 2397 ue
1133 2363 1255 2408 aliquis
1281 2362 1381 2407 legat,
1415 2362 1480 2396 nisi
1506 2362 1542 2395 in
1567 2361 1680 2396 studio
1705 2361 1888 2395 ilerdensi.

260 2422 336 2466 Vgl.
364 2423 502 2466 Espafia
526 2423 674 2465 sagrada
698 2422 844 2465 XLVII,
872 2422 950 2459 350.

260 2530 358 2571 593.
415 2528 596 2571 Rektor
642 2528 732 2570 und
783 2528 1091 2571 Studierende
1138 2529 1221 2571 der
1267 2529 1560 2572 Universitiit
1611 2528 1782 2570 Lerida
1828 2540 1886 2570 an

258 2602 420 2656 Jayme
441 2601 528 2642 II.:
562 2600 715 2642 bitten
745 2612 824 2641 um
862 2600 1126 2653 Verlegung
1157 2600 1240 2642 der
1262 2600 1554 2643 Universitat
1584 2599 1703 2641 nach
1735 2599 1886 2641 einem

259 2671 670 2714 interessierteren
682 2670 808 2713 Orte.
832 2670 922 2712 Das
943 2669 1158 2713 Studium
1175 2671 1473 2724 gehtimmer
1485 2671 1621 2712 mehr
1642 2670 1884 2712 herunter.

258 2743 435 2785 Lorenz
482 2741 673 2783 Martini
717 2740 915 2783 Pfarrer
946 2752 1035 2783 von
1068 2740 1271 2783 Cerbera
1319 2741 1436 2783 wird
1480 2741 1579 2782 ihm
1623 2741 1886 2782 beriehten.

643 2811 812 2853 Lerida
843 2812 953 2865 (Mai
985 2811 1117 2866 1302)
1150 2812 1404 2854 December
1438 2811 1508 2854 13.

401 2894 458 2936 Al
504 2893 618 2936 molt
659 2893 724 2935 alt
755 2906 918 2948 seynor
962 2907 1014 2935 en
1046 2894 1202 2936 Jacme
1234 2908 1315 2949 per
1336 2894 1382 2936 la
1414 2893 1569 2949 gracia
1602 2894 1654 2935 de
1677 2894 1774 2935 Deu
1806 2906 1887 2947 rey

259 2965 443 3020 Darago
479 2999 485 3006 .
522 2999 529 3006 .
566 2998 574 3006 .
608 2964 652 3007 lo
694 2967 844 3006 rector
885 2965 949 3006 els
992 2965 1194 3017 doctors,
1236 2967 1478 3017 maestres,
1521 2964 1794 3019 conseyllers
1841 2965 1885 3004 et
