2296 3512
873 262 1193 303 —659—

226 391 308 433 tim
341 403 517 433 cessare
550 390 704 431 debuit
744 390 891 432 dictus
925 403 1073 432 comes
1113 392 1168 432 ab
1200 391 1434 434 inferendo
1473 392 1667 446 dampno
1699 392 1844 434 Vene-

226 462 286 504 tis
316 460 545 517 predictis,
580 460 793 515 quoniam
816 459 1061 515 navigium,
1096 474 1197 502 cum
1220 475 1307 516 quo
1336 462 1482 505 dictus
1512 476 1660 505 comes
1682 475 1843 504 navem

227 535 271 574 et
301 544 472 573 merces
505 531 623 585 cepit
661 530 904 586 predictas,
946 533 1153 573 nostrum
1192 535 1304 585 erat,
1345 532 1554 575 videlicet
1595 546 1673 576 sex
1717 533 1844 588 galee

228 606 271 644 et
300 615 416 644 unus
457 601 646 654 lembus,
680 634 689 641 .
725 635 733 642 .
769 635 776 642 .
812 601 883 642 cui
922 600 1144 656 siquidem
1176 602 1492 656 preposuimus
1533 603 1579 645 in
1612 603 1844 646 ductorem

227 672 435 715 comitem
476 673 791 724 memoratum,
840 672 1134 714 concedentes
1185 672 1328 714 eidem
1362 707 1370 714 .
1407 707 1414 714 .
1450 707 1474 726 .,
1521 677 1571 716 ut
1614 674 1659 715 in
1704 674 1845 716 delin-

228 745 413 799 quentes
435 743 639 785 homines
663 742 780 784 dicte
804 745 979 784 armate
1000 745 1156 798 posset
1181 756 1336 785 omnes
1358 743 1562 786 iusticias
1586 744 1844 799 corporales

227 816 270 856 et
300 813 613 869 peccuniarias
647 826 854 855 exercere
887 846 895 853 .
932 847 940 854 .
976 847 984 855 .
1021 815 1064 854 et
1098 814 1218 868 quod
1259 813 1528 857 intencionis
1570 818 1723 858 nostre
1754 828 1845 857 non

227 887 337 937 erat,
386 884 505 939 quod
539 884 685 926 dictus
724 897 872 926 comes
921 883 1165 938 dampnum
1209 897 1290 926 seu
1330 884 1500 926 malum
1537 885 1726 928 inferret
1765 886 1845 928 ali-

227 955 389 1011 quibus
417 953 704 1008 Christianis,
735 954 875 997 immo
906 954 1025 996 inter
1055 967 1138 997 nos
1172 957 1215 996 et
1246 955 1397 1010 ipsum
1429 954 1516 996 fuit
1549 958 1712 1008 actum,
1747 989 1755 997 .
1791 990 1799 997 .
1835 989 1843 997 .

228 1026 347 1081 quod
379 1027 623 1080 dampnum
655 1025 845 1067 inferret
875 1025 1190 1067 tantummodo
1218 1023 1495 1077 Sarracenis,
1520 1026 1718 1081 exceptis
1743 1026 1845 1080 hiis,

226 1110 327 1139 cum
360 1097 523 1152 quibus
556 1099 764 1151 treugam
797 1096 1090 1148 habebamus,
1134 1109 1246 1151 quos
1280 1096 1424 1138 eidem
1458 1096 1612 1138 comiti
1643 1097 1846 1139 nomina-

224 1167 385 1219 vimus,
427 1167 713 1222 iniungentes
747 1167 911 1219 eidem,
950 1180 1005 1208 ne
1041 1166 1258 1221 predictis
1299 1165 1563 1209 Sarracenis
1600 1167 1846 1210 nominatis

224 1237 296 1280 vel
329 1238 431 1281 aliis
462 1252 621 1294 pacem
653 1238 889 1280 nobiscum
921 1237 1194 1280 habentibus
1226 1238 1472 1292 dampnum
1503 1237 1704 1280 inferret.

367 1308 497 1342 Zudem
529 1308 589 1342 hat
619 1318 658 1342 er
687 1307 814 1342 friiher
849 1308 914 1341 mit
938 1307 1017 1341 dem
1043 1307 1174 1342 Grafen
1204 1307 1420 1352 abgemacht,
1458 1308 1538 1342 dass
1571 1318 1610 1341 er
1640 1308 1683 1342 ad
1715 1308 1848 1342 curiam

226 1378 289 1411 per
313 1377 377 1401 nos
402 1366 600 1402 Cathalanis
625 1369 709 1401 tunc
733 1367 891 1411 proxime
918 1366 1161 1401 celebrandam
1187 1366 1379 1401 erscheine.
1422 1366 1492 1401 Das
1519 1367 1580 1401 hat
1605 1378 1643 1401 er
1667 1366 1765 1401 nicht
1788 1378 1848 1411 ge·

224 1428 299 1460 tan:
337 1426 372 1459 in
405 1428 522 1460 nostre
553 1426 805 1461 iurisdiccionis
831 1427 1070 1469 contemptum
1101 1426 1173 1460 und
1205 1425 1404 1470 behauptet,
1445 1426 1507 1460 das
1532 1426 1650 1461 Schifl
1680 1426 1780 1460 k‘ame
1806 1426 1848 1460 de

226 1484 437 1520 Alexandrie
462 1485 628 1529 partibus,
653 1484 821 1519 wahrend
839 1495 875 1519 es
892 1495 961 1518 von
978 1484 1109 1520 Candia
1132 1484 1245 1519 insule
1263 1485 1366 1520 Crete
1383 1485 1462 1519 kam
1488 1485 1560 1519 und
1584 1484 1673 1519 nach
1690 1484 1850 1530 Venedig

225 1543 352 1580 wollte.
394 1544 465 1578 Das
496 1544 557 1578 hat
586 1555 625 1578 er
649 1543 733 1578 alles
755 1544 823 1578 den
849 1543 974 1578 beiden
996 1543 1185 1578 Bisch'ofen
1210 1546 1340 1589 gesagt.
1381 1544 1461 1580 Dat.
1485 1543 1706 1578 Barchinone
1729 1543 1847 1579 XVII.

224 1602 388 1638 kalendas
418 1603 633 1648 Septembris
658 1614 749 1637 anno
782 1603 911 1638 domini
936 1602 1060 1638 MCCC
1091 1603 1286 1640 undecimo.
1336 1603 1420 1648 Reg.
1447 1602 1516 1638 232
1549 1603 1576 1639 f.
1604 1602 1688 1647 1283
1721 1604 1746 1638 f.
1781 1603 1847 1638 133

227 1661 381 1698 Citacion
407 1662 468 1697 des
493 1662 624 1696 Grafen
656 1662 766 1696 durch
792 1663 860 1696 den
884 1662 998 1706 Konig
1022 1672 1078 1696 am
1110 1661 1231 1696 selben
1254 1662 1354 1707 Tage.
1403 1664 1460 1696 An
1484 1663 1552 1696 den
1576 1661 1699 1706 Dogen
1723 1662 1848 1696 Petrus

227 1721 441 1756 Gradonjcus
465 1721 620 1756 schreibt
645 1732 683 1755 er
707 1732 764 1755 am
789 1721 845 1756 28.
872 1723 1008 1766 August
1032 1722 1073 1766 (f.
1101 1722 1224 1762 134v):

369 1815 377 1823 .
402 1816 410 1823 .
437 1815 445 1823 .
474 1781 688 1824 Volentes
722 1781 891 1824 amoris
913 1781 1068 1824 federa
1088 1781 1210 1824 inter
1234 1794 1317 1824 nos
1340 1783 1384 1823 et
1415 1781 1644 1837 predictos
1667 1782 1849 1823 nostros

228 1854 272 1894 et
301 1866 382 1895 vos
415 1855 459 1895 et
496 1853 724 1908 predictos
757 1854 934 1896 vestros
977 1855 1162 1895 actenus
1196 1853 1439 1895 observata
1475 1851 1721 1908 persistere
1759 1851 1848 1893 illi-

227 1923 336 1965 bata
368 1937 420 1966 ac
441 1927 648 1967 nostrum
680 1923 928 1978 adimplere
950 1923 1153 1966 debitum
1186 1923 1233 1965 in
1260 1924 1346 1965 hac
1367 1925 1511 1978 parte,
1543 1921 1849 1977 processimus

226 1994 273 2035 in
321 1995 651 2037 contumaciam
707 1994 872 2037 nobilis
930 1994 1107 2036 comitis
1150 1994 1470 2049 Impuriarum.
1540 1993 1599 2035 Et
1646 2007 1747 2036 cum
1795 1994 1849 2035 de

228 2064 443 2107 violentia
489 2068 533 2107 et
578 2066 740 2120 rapina
782 2079 863 2120 per
907 2065 1057 2120 ipsum
1095 2065 1261 2108 vestris
1309 2064 1503 2108 subditis
1541 2064 1672 2107 illata
1716 2064 1849 2107 nobis

228 2136 340 2178 satis
385 2136 555 2191 liquide
594 2139 846 2191 appareret,
896 2136 1038 2178 eidem
1078 2136 1221 2178 nobili
1262 2135 1416 2178 comiti
1454 2135 1752 2191 precepimus,
1798 2137 1849 2177 ut

227 2206 348 2248 infra
378 2207 465 2248 XX
498 2206 590 2250 dies
623 2209 728 2263 post
759 2207 1068 2263 recepcionem
1099 2206 1357 2248 litterarum
1384 2219 1522 2261 super
1552 2205 1639 2248 hiis
1665 2219 1747 2260 per
1768 2218 1850 2247 nos

229 2277 372 2319 eidem
405 2278 678 2319 directarum
702 2277 835 2320 dictis
860 2277 1026 2320 vestris
1060 2277 1434 2320 ambaxatoribus
1467 2277 1521 2319 de
1552 2276 1849 2318 extimacione

228 2361 379 2390 rerum
412 2348 627 2404 predictis
649 2348 813 2391 vestris
840 2349 1035 2391 subditis
1069 2348 1340 2401 ablatarum,
1372 2350 1509 2403 prout
1536 2350 1689 2390 vestra
1720 2349 1849 2389 taxa-

229 2419 350 2462 tione
391 2419 547 2473 previa
593 2432 674 2473 per
717 2419 861 2462 dictos
893 2422 1069 2462 vestros
1116 2419 1454 2461 ambaxiatores
1501 2418 1703 2461 iuratum
1748 2418 1848 2471 fuit,

230 2490 342 2533 satis
374 2489 523 2532 facere
553 2492 832 2544 procuraret.

368 2572 437 2605 Am
464 2572 494 2606 1.
521 2570 670 2605 October
695 2570 867 2605 berichtet
891 2581 928 2605 er
953 2571 1030 2605 dem
1056 2571 1178 2616 Dogen
1203 2571 1291 2605 iiber
1316 2571 1371 2605 die
1394 2571 1607 2605 Exekution:
1647 2570 1720 2605 Nos
1744 2569 1851 2614 igitur

229 2641 309 2665 cum
334 2629 437 2674 regiis
463 2629 673 2664 exercitibus
691 2630 812 2663 contra
828 2630 989 2664 comitem
1014 2632 1257 2673 memoratum,
1276 2632 1429 2664 castrum
1447 2632 1483 2664 et
1506 2630 1582 2664 loca
1606 2640 1668 2664 sua
1685 2639 1849 2673 persona-

228 2688 307 2723 liter
332 2689 559 2733 procedentes
590 2688 625 2721 ‘m
652 2688 701 2722 eis
725 2687 872 2731 talando,
905 2688 1137 2723 comburendo
1163 2690 1198 2723 et
1223 2688 1289 2723 alia
1314 2689 1418 2723 etiam
1444 2689 1593 2732 dampna
1622 2687 1851 2731 multiplicata

228 2747 438 2782 contulimus
463 2748 503 2791 (f.
533 2747 622 2788 148).
664 2746 737 2780 Der
763 2746 848 2780 Grai
872 2746 941 2780 will
967 2747 1042 2781 sich
1065 2748 1152 2791 jetzt
1176 2748 1241 2782 mit
1265 2749 1332 2782 den
1348 2747 1592 2782 Venezianern
1616 2745 1848 2790 vergleichen.

229 2808 297 2840 Am
321 2806 377 2841 25.
403 2806 486 2840 Juni
514 2805 602 2841 1312
629 2805 723 2839 steht
738 2805 821 2848 fest,
847 2806 924 2839 dass
943 2805 1004 2839 der
1020 2806 1106 2840 Graf
1131 2806 1224 2842 2054
1243 2806 1319 2843 libr.
1340 2806 1382 2841 19
1401 2806 1463 2840 sol.
1489 2806 1510 2840 2
1529 2806 1608 2841 den.
1629 2804 1789 2849 schuldig
1806 2815 1850 2838 zu

229 2865 303 2900 sein
328 2865 510 2899 bekannte.
559 2865 642 2899 Eius
668 2865 783 2898 seiner
807 2863 960 2898 Kastelle
985 2865 1104 2898 wurde
1129 2864 1424 2909 beschlagnahmt.

373 2923 533 2959 Clemens
571 2934 643 2958 war
677 2922 765 2956 iiber
801 2922 894 2956 diese
933 2924 1176 2958 unvermutete
1215 2923 1498 2966 Hartnackigkeit
1529 2924 1674 2966 Jaymes
1711 2932 1848 2957 ausser-

230 2982 425 3017 orden‘dich
451 2984 581 3027 erregt3
608 2993 646 3016 er
670 2981 794 3026 sprach
812 2981 1016 3015 wiederholt
1034 2981 1185 3016 dariiber
1209 2982 1274 3016 mit
1291 2982 1358 3016 den
1383 2981 1671 3026 aragonesischen
1688 2979 1848 3015 Konzils-

229 3042 430 3086 gesandten,
461 3041 586 3076 weinte
612 3041 673 3085 (ita
697 3042 823 3083 motus,
855 3041 894 3074 ut
919 3039 1015 3084 quasi
1041 3039 1130 3074 oculi
1162 3040 1236 3075 eius
1259 3042 1433 3075 venerunt
1464 3040 1499 3073 in
1530 3040 1680 3085 aquam),
1712 3039 1791 3074 dass
1815 3038 1848 3074 J.

1637 3109 1706 3143 42*
