2296 3512
874 258 1190 299 —903—

225 388 363 430 fuisse
404 377 569 442 ipsum,
611 387 716 428 dum
760 387 806 428 in
838 386 973 429 terris
1005 386 1189 438 viveret,
1231 387 1450 442 templum
1485 386 1568 429 Dei
1601 390 1645 428 et
1675 387 1840 428 habere

225 459 386 501 debere
428 460 624 499 eternam
668 457 867 512 requiem
907 459 1012 512 post
1054 456 1247 499 labores.
1310 456 1475 499 Verum
1509 458 1618 512 quia
1648 457 1839 499 multum

227 527 427 584 expedit,
487 528 625 582 quod,
684 541 783 569 cum
832 527 922 569 tale
971 540 1023 569 ac
1066 530 1244 569 tantum
1288 528 1525 582 negocium
1572 527 1842 584 proponitur

226 612 401 642 summo
424 597 629 653 pontifici
655 602 699 639 et
730 598 900 653 petitur
933 598 1250 649 consummari,
1283 598 1502 640 miracula
1530 601 1842 654 proponantur

224 672 319 711 tam
364 673 487 710 certa
532 678 576 710 et
618 682 702 723 que
746 668 933 722 probari
977 667 1153 723 possint
1190 672 1399 724 prompte
1431 669 1702 711 testimoniis
1734 669 1842 711 fide-

226 738 393 794 dignis,
447 742 491 780 et
542 738 776 781 reverendi
827 744 982 794 patres
1041 741 1084 780 et
1136 739 1326 791 domini,
1374 739 1544 781 domini
1589 740 1840 795 N[icolaus]

227 809 448 852 Ostiensis
492 812 535 852 et
567 809 862 852 Velletrensis
905 810 1145 865 episcopus
1188 813 1231 851 et
1261 809 1510 864 N[icolaus]
1544 811 1667 852 tituli
1698 811 1845 853 sancti

225 881 410 924 Eusebii
432 881 656 935 presbiter
689 880 933 923 cardinalis
965 893 1138 935 nosque
1172 893 1269 922 cum
1303 880 1429 936 ipsis,
1469 881 1636 923 auditis
1669 885 1712 923 et
1742 895 1843 937 per-

225 951 354 994 lectis
389 965 539 994 coram
574 952 704 994 nobis
737 951 837 1003 hiis,
872 964 957 1006 que
991 950 1251 994 carissimus
1274 951 1319 992 in
1343 949 1524 993 Christo
1551 952 1680 994 nobis
1702 952 1844 994 frater

226 1022 503 1077 Arnaldus1>
545 1022 790 1078 inquisitor
827 1022 1129 1065 hereticorum
1167 1023 1213 1064 in
1245 1026 1397 1064 vestro
1430 1035 1568 1077 regno
1601 1023 1843 1078 Aragonie,

227 1093 303 1148 qui
348 1093 467 1135 circa
512 1093 595 1135 hoc
635 1093 827 1135 multum
861 1107 908 1136 se
940 1093 1100 1135 habuit
1127 1092 1379 1148 diligenter,
1421 1106 1557 1148 super
1588 1093 1846 1136 huiusmodi

227 1163 486 1217 defferebat,
520 1168 563 1206 et
594 1164 713 1206 inter
735 1177 816 1206 nos
841 1164 1164 1206 deliberatione
1186 1163 1343 1205 habita
1366 1163 1562 1206 sollicita
1586 1168 1629 1205 et
1650 1167 1844 1215 matura,

226 1248 314 1277 non
347 1234 696 1277 iudicaverimus
731 1248 827 1277 esse
858 1235 984 1287 talia,
1020 1248 1105 1290 que
1132 1235 1362 1290 portabat,
1397 1247 1450 1276 ex
1474 1248 1538 1287 eo,
1569 1235 1686 1289 quod
1706 1237 1845 1276 testes

229 1305 359 1361 quasi
404 1319 559 1348 omnes
604 1306 824 1357 obierant,
857 1311 906 1348 ut
945 1305 1186 1348 refferebat
1229 1305 1434 1360 ipsemet,
1467 1319 1548 1347 nec
1579 1305 1690 1348 fides
1724 1308 1847 1347 certa

229 1377 282 1418 de
298 1377 575 1419 continuatis
590 1376 821 1419 miraculis
839 1377 1106 1428 habebatur,
1126 1376 1235 1418 utile
1253 1376 1513 1431 putavimus
1530 1410 1537 1417 .
1557 1410 1564 1417 .
1583 1410 1606 1422 .,
1623 1377 1744 1432 quod
1757 1390 1847 1418 non

227 1452 559 1502 proponeretur
592 1448 649 1489 ad
682 1460 882 1503 presens,
915 1461 969 1489 ne
1003 1460 1057 1489 ex
1088 1446 1415 1489 insufficiencia
1447 1447 1752 1502 predictorum
1781 1460 1847 1489 re-

227 1518 406 1573 pulsam
439 1517 633 1560 forsitan
673 1523 933 1574 pateremur
976 1521 1019 1560 et
1061 1518 1180 1573 quod
1221 1518 1368 1560 dictus
1406 1517 1550 1559 frater
1580 1517 1845 1572 A[rnaldus]

228 1591 533 1630 reverteretur
566 1590 623 1631 ad
646 1592 844 1631 vestram
868 1588 1070 1644 regalem
1096 1592 1396 1644 magestatem
1421 1591 1463 1630 et
1486 1602 1586 1630 cum
1609 1588 1849 1643 diligencia

227 1663 495 1715 procuraret
526 1660 696 1714 inquiri
735 1661 790 1701 ad
829 1660 1122 1715 probationes
1155 1660 1431 1713 habendasa)
1470 1659 1680 1701 indubias
1714 1672 1850 1714 super

228 1730 426 1785 antiquis
473 1731 719 1781 miraculis,
774 1734 992 1786 quantum
1028 1730 1112 1772 erit
1157 1730 1387 1786 possibile,
1436 1732 1478 1771 et
1527 1743 1662 1785 super
1705 1730 1847 1782 novis,

230 1814 328 1856 que,
374 1801 491 1843 sicut
534 1802 767 1853 asseritur,
810 1802 931 1844 Deus
971 1801 1027 1844 ob
1072 1801 1181 1843 dicti
1224 1801 1371 1843 sancti
1409 1801 1571 1843 merita
1603 1814 1708 1856 sepe
1740 1800 1850 1843 facit

230 1906 237 1912 .
265 1906 272 1913 .
302 1906 309 1913 .
345 1872 450 1914 Dat.
473 1872 698 1915 Auinione
731 1873 801 1914 die
833 1872 1020 1914 XXVII.
1046 1872 1270 1915 Octobris.

369 1965 459 2001 CRD
488 1965 618 2002 12979.
670 1966 728 2002 Or.
754 1966 836 2010 Pap.
865 1966 938 2010 Ssp.
989 1966 1053 2000 Die
1081 1965 1338 2009 Veranlassung
1369 1965 1414 1999 ist
1438 1964 1528 1998 wohl
1559 1965 1730 2009 folgende.
1781 1965 1850 1998 Das

229 2023 505 2068 Generalkapitel
531 2025 593 2059 der
617 2025 867 2059 Dominikaner
897 2028 989 2069 tagte
1021 2025 1070 2058 im
1094 2025 1199 2059 Jahre
1228 2025 1315 2059 1317
1349 2024 1385 2058 111
1409 2023 1608 2068 Pamplona.
1658 2024 1782 2058 Petrus
1808 2024 1850 2057 de

228 2083 370 2126 Palude,
411 2083 653 2126 Ordensvikar,
685 2084 756 2118 und
783 2084 837 2118 die
863 2084 1096 2118 Diffinitoren
1134 2083 1316 2118 schrieben
1342 2084 1484 2127 Jayme:
1510 2083 1582 2117 Der
1607 2083 1725 2118 Orden
1755 2083 1850 2117 hatte

229 2141 317 2176 viele
348 2142 495 2187 Heilige,
527 2154 590 2176 vor
622 2143 725 2177 allem
757 2143 929 2177 Raimund
959 2153 1028 2177 von
1053 2143 1091 2177 P.
1146 2142 1202 2177 Sie
1233 2143 1353 2177 hatten
1383 2143 1451 2176 den
1475 2142 1581 2186 Papst
1612 2153 1673 2175 um
1697 2141 1850 2176 Kanoni-

230 2201 341 2235 sation
358 2200 514 2245 gebeten.
558 2201 623 2244 Qui
641 2213 678 2236 se
697 2202 981 2236 canonizaturiun
1002 2201 1126 2236 obtulit
1149 2213 1269 2244 unum,
1296 2212 1399 2245 quem
1416 2201 1619 2235 duxerimus
1645 2201 1850 2246 eligendum.

230 2261 285 2295 Sie
312 2261 444 2295 senden
469 2271 513 2294 an
538 2260 599 2294 ihu
625 2261 691 2294 den
717 2261 906 2304 Inquisitor
930 2263 970 2295 A.
989 2260 1169 2305 Burgueti.
1212 2260 1281 2305 (29.
1307 2261 1401 2301 Mai).
1443 2260 1517 2294 Der
1541 2260 1655 2304 Kenig
1679 2259 1754 2294 teilt
1778 2260 1852 2294 dies

230 2320 292 2353 der
317 2320 415 2354 stadt
440 2319 640 2362 Barcelona,
673 2319 709 2353 in
735 2320 796 2354 der
821 2320 994 2354 Raimund
1019 2330 1087 2353 von
1112 2320 1326 2354 Pennaforte
1352 2319 1444 2363 ruht,
1476 2319 1540 2353 mit
1565 2320 1635 2353 und
1666 2319 1768 2353 bittet
1793 2329 1852 2353 um

231 2379 441 2422 Forderung.
493 2379 587 2420 (Juni
614 2380 667 2414 11.
718 2378 802 2423 Reg.
828 2378 898 2412 244
923 2379 947 2412 1.
976 2378 1044 2423 18.)
1095 2381 1163 2413 Am
1189 2380 1221 2414 3.
1246 2380 1384 2423 August
1414 2378 1485 2412 lobt
1510 2389 1548 2412 er
1575 2379 1643 2412 den
1667 2378 1766 2412 Eiser
1791 2378 1852 2411 der

231 2438 338 2481 stadt,
377 2437 499 2472 sendet
536 2438 603 2471 den
633 2439 674 2473 A.
702 2438 870 2482 Burgueti
907 2448 951 2471 311
989 2438 1056 2471 den
1087 2438 1204 2482 Papst,
1242 2438 1376 2472 fordert
1415 2438 1482 2471 den
1520 2448 1598 2471 zum
1625 2437 1758 2482 Konige
1784 2448 1852 2470 von

230 2496 395 2531 Mallorca
411 2496 594 2540 gehenden
620 2496 657 2530 P.
677 2496 819 2531 Comitis
845 2496 961 2541 legum
987 2497 1107 2531 doctor
1131 2498 1193 2531 3111
1217 2497 1281 2531 mit
1306 2497 1385 2530 dem
1403 2497 1593 2541 Inquisitor
1618 2496 1672 2530 die
1698 2496 1851 2530 113110111-

230 2557 342 2591 sation
371 2567 414 2589 zu
431 2556 586 2598 sordem,
612 2556 738 2589 ebenso
764 2555 872 2589 sollen
888 2555 990 2590 Vidal
1016 2556 1058 2590 de
1076 2555 1260 2590 Villanova
1284 2557 1354 2590 und
1371 2557 1434 2590 der
1450 2556 1660 2590 Prokurator
1677 2555 1853 2589 ι10113111103

230 2615 343 2660 Luppi
369 2615 423 2649 die
448 2614 722 2659 Angelegenheit
746 2615 889 2648 sordem
914 2615 954 2659 (f.
983 2615 1037 2650 19.
1090 2615 1168 2650 Alle
1194 2616 1226 2650 3.
1252 2617 1341 2659 Aug.
1369 2616 1484 2659 1317).
1535 2615 1650 2659 K'om'g
1675 2614 1852 2649 Friedrich

231 2675 318 2709 wird
349 2685 405 2708 am
438 2675 468 2708 7.
495 2675 626 2708 ι13111131
659 2674 748 2708 1318
779 2673 1005 2708 interessiert.
1057 2674 1159 2708 Auch
1183 2685 1228 2708 an
1252 2675 1319 2708 den
1344 2674 1450 2718 Papst
1475 2674 1519 2708 ist
1543 2674 1652 2708 sehon
1679 2674 1767 2710 1317
1793 2684 1852 2718 ge-

231 2734 425 2769 schrieben,
474 2733 517 2767 In
542 2733 605 2767 der
629 2732 940 2776 Hauptbittschrift
965 2743 1045 2766 vom
1072 2734 1102 2768 1.
1130 2733 1228 2777 April
1257 2734 1356 2768 1318.
1384 2733 1481 2777 (Reg.
1507 2732 1577 2766 244
1594 2733 1619 2766 1.
1640 2733 1734 2776 18V.)
1759 2732 1854 2767 steht

231 2794 294 2828 der
330 2793 471 2837 Anfang
502 2793 573 2826 und
610 2792 672 2825 der
709 2791 850 2826 Schluss
876 2792 938 2825 auf
968 2791 1090 2826 Rasur.
1136 2792 1256 2837 [Deus]
1283 2803 1344 2836 pro
1363 2791 1419 2826 illo
1446 2791 1545 2836 plura
1569 2803 1608 2826 30
1627 2803 1728 2836 quam
1756 2791 1854 2835 plura

231 2851 399 2886 miracula
422 2851 597 2896 propicius
629 2851 879 2884 demonstraxit
911 2853 944 2884 et
982 2853 1177 2885 monstrare
1215 2862 1285 2885 non
1324 2851 1459 2887 desinit.
1510 2851 1572 2885 Ich
1609 2850 1773 2885 schliesse
1811 2861 1854 2884 311

372 2926 402 2967 a)
427 2922 548 2957 haberi
572 2922 655 2966 Reg.

376 3041 400 3084 ¹)
427 3040 600 3075 Amaldus
626 3040 804 3084 Burgueti.
