2296 3512
1102 300 1415 341 —854—

450 423 705 477 bravimus,
751 424 870 467 inter
908 429 1057 468 cetera
1100 429 1329 483 quandam
1375 428 1638 473 fecissemus
1685 431 2066 485 constitutionem,

452 508 537 549 que
568 494 751 549 incipit:
789 496 886 548 „Ad
908 495 1245 541 reformandam
1271 499 1317 541 in
1341 499 1515 543 clericis
1541 501 1867 554 honestatem“,
1901 503 2067 545 scribe-

450 578 601 607 remus
644 566 896 609 diocesanis
938 567 1122 621 nostris,
1166 570 1286 625 quod
1319 583 1371 612 ea
1412 570 1612 613 facerent
1643 572 1866 626 publicari
1899 576 1942 614 et
1973 576 2067 615 tam

450 634 539 689 ipsi
573 649 708 691 quam
742 636 833 689 alii,
868 638 945 692 qui
970 651 1068 680 eam
1100 639 1147 681 in
1179 640 1274 683 suis
1307 641 1560 684 diocesibus
1592 643 1824 696 publicare
1852 643 2067 695 fecerunt,

453 708 612 748 contra
662 707 928 762 coniugatos
973 709 1159 753 clericos
1211 714 1253 753 et
1296 711 1410 754 alios
1454 712 1499 753 in
1543 712 1794 756 minoribus
1835 714 2068 757 ordinibus

451 776 737 830 constitutos,
786 778 862 833 qui
906 781 1147 823 secundum
1195 782 1563 825 constitutionem
1609 784 1796 826 eandem
1837 784 1931 827 suis
1974 784 2069 826 dio-

451 846 627 889 cesanis
687 847 808 890 infra
858 852 951 893 tres
1003 864 1181 894 menses
1233 865 1259 893 a
1308 852 1426 894 dicte
1481 853 1817 896 constitutionis
1861 855 2068 907 editione,

452 929 553 958 cum
585 921 817 971 presentes
851 923 992 973 erant,
1027 922 1096 963 vel
1127 921 1261 964 inffra
1293 936 1493 966 mensem
1528 937 1553 965 a
1586 927 1787 978 tempore
1819 926 1990 968 reditus
2023 938 2070 968 se

451 1000 541 1028 non
586 992 1018 1046 presentaveranta),
1064 980 1348 1035 servaremus
1394 994 1580 1034 eandem
1623 997 1665 1035 et
1706 993 1957 1037 faceremus
2004 994 2070 1035 in-

452 1057 728 1102 violabiliter
759 1062 1013 1115 observari,
1052 1076 1141 1105 non
1177 1062 1469 1105 deffendendo
1503 1064 1683 1106 eosdem
1715 1067 1764 1106 ut
1797 1064 1998 1116 clericos,
2033 1065 2071 1107 si

452 1132 618 1170 extunc
638 1132 946 1186 reperirentur
962 1132 1008 1174 in
1027 1133 1178 1188 aliquo
1202 1133 1527 1188 delinquentes,
1552 1134 1659 1189 quin
1683 1135 1832 1189 potius
1855 1135 2072 1191 promite-

452 1212 604 1242 remus
637 1203 817 1244 eosdem
848 1217 930 1258 per
961 1203 1178 1247 officiales
1209 1207 1385 1247 vestros
1417 1204 1545 1246 iuxta
1579 1205 1821 1247 eorundem
1854 1206 2072 1248 demerita

453 1270 682 1326 castigari.
747 1272 847 1325 Qua
880 1274 1034 1316 littera
1067 1288 1119 1316 ac
1146 1274 1281 1316 etiam
1304 1274 1510 1330 predicta
1534 1275 1854 1318 constitutione
1876 1290 1958 1318 nec
1983 1289 2072 1318 non

453 1340 554 1393 hiis,
604 1355 689 1397 que
736 1343 881 1387 fidelis
928 1348 1078 1387 vester
1122 1345 1382 1388 Bernardus
1430 1345 1608 1402 Caffont
1656 1360 1709 1388 ex
1752 1349 1882 1400 parte
1920 1350 2073 1389 vestra

454 1412 584 1454 nobis
616 1413 784 1465 retulit,
820 1415 1059 1470 diligenter
1081 1415 1310 1471 inspectis,
1343 1418 1524 1458 matura
1546 1416 1871 1459 deliberatione
1901 1417 2072 1471 habita,

454 1481 719 1535 invenimus,
754 1486 874 1540 quod
906 1486 1109 1541 predicta
1141 1487 1403 1529 constitutio
1426 1487 1471 1528 in
1495 1488 1565 1530 sui
1586 1487 1734 1530 forma
1755 1488 1905 1540 habet,
1940 1488 2072 1543 quod,

455 1556 759 1610 quanquama)
804 1556 924 1598 infra
965 1560 1058 1599 tres
1090 1570 1267 1600 menses
1301 1571 1327 1599 a
1359 1558 1476 1600 dicte
1510 1558 1845 1601 constitutionis
1879 1558 2074 1601 editione

456 1624 685 1680 coniugati
733 1626 883 1669 clerici
933 1641 1011 1670 seu
1059 1628 1136 1670 alii
1183 1628 1229 1670 in
1276 1628 1529 1671 minoribus
1567 1629 1801 1671 ordinibus
1840 1629 2074 1672 constituti

455 1694 548 1738 suis
590 1696 841 1741 diocesanis
885 1698 955 1740 vel
1000 1712 1155 1742 eorum
1196 1698 1466 1742 officialibus
1499 1713 1546 1742 se
1578 1713 1667 1741 non
1699 1700 2074 1756 presentaverint,

455 1766 601 1808 adhuc
647 1770 799 1810 tamen
843 1770 1055 1812 monendi
1095 1773 1201 1813 sunt
1240 1770 1529 1823 nominatim,
1581 1784 1681 1813 cum
1724 1770 1927 1826 predicte
1972 1783 2075 1812 con-

456 1836 707 1881 stitutionis
754 1853 870 1894 pena
915 1840 1061 1883 solum
1110 1842 1166 1883 ad
1198 1842 1396 1884 monitos
1429 1841 1711 1893 extendatur,
1761 1854 1815 1882 ex
1849 1854 1914 1893 eo,
1957 1841 2078 1896 quod

455 1907 589 1950 dicit:
642 1913 712 1961 „et
749 1914 1019 1954 moneantur
1058 1913 1373 1965 nominatim,“
1425 1915 1468 1954 et
1514 1911 1701 1954 inferius
1748 1912 1795 1953 in
1836 1912 1936 1967 ipsa
1975 1924 2078 1954 con-

456 1978 710 2032 stitucione,
758 1994 858 2023 cum
900 1982 1036 2025 dicit:
1083 1982 1199 2035 „Qui
1240 1983 1279 2025 si
1317 1983 1472 2025 taliter
1503 1982 1689 2025 moniti“
1726 1985 1808 2024 etc.
1872 1983 1929 2024 Et
1973 1982 2079 2038 quia

457 2049 594 2091 etiam
638 2051 740 2093 iura
784 2052 944 2095 nolunt
985 2053 1182 2109 aliquem
1227 2053 1425 2095 clericali
1466 2053 1704 2109 privilegio
1746 2053 1940 2109 privari,
1992 2052 2080 2095 nisi

456 2121 655 2164 monitus
696 2122 833 2165 fuerit
876 2125 1157 2167 nominatim.
1230 2126 1400 2167 Noscat
1442 2128 1595 2166 tamen
1635 2124 1763 2179 regia
1795 2123 2077 2176 excellencia,

458 2193 578 2247 quod
626 2193 866 2237 scribimus
917 2195 1217 2252 suffraganeis
1261 2196 1449 2246 nostris,
1497 2195 1616 2250 quod
1658 2195 1745 2247 illi,
1791 2194 1868 2250 qui
1911 2194 2077 2236 dictam

459 2263 827 2307 constitutionem
880 2266 926 2308 in
963 2267 1056 2310 suis
1099 2267 1352 2309 diocesibus
1394 2279 1482 2308 non
1523 2265 1835 2321 publicarunt,
1892 2265 2078 2306 eandem

458 2332 642 2387 faciant,
696 2339 746 2377 ut
795 2337 933 2379 cicius
980 2340 1207 2393 poterunt,
1263 2337 1499 2393 publicari.
1576 2337 1635 2379 Et
1682 2337 1802 2392 quod
1849 2338 1944 2377 tam
1991 2334 2079 2389 ipsi

460 2417 595 2459 quam
638 2406 730 2459 alii,
778 2407 855 2462 qui
894 2421 993 2450 eam
1024 2408 1249 2464 publicari
1282 2408 1496 2460 fecerunt,
1531 2407 1724 2449 debeant
1757 2419 1855 2447 eam
1890 2404 2078 2447 inviola-

458 2475 612 2518 biliter
656 2477 911 2531 observare,
957 2480 1179 2521 monendo
1214 2479 1482 2521 nominatim
1515 2477 1718 2533 singulos
1759 2476 1944 2518 clericos
1978 2488 2080 2517 con-

458 2546 640 2602 iugatos
690 2551 731 2589 et
780 2549 894 2592 alios
941 2549 987 2590 in
1034 2549 1285 2592 minoribus
1329 2549 1564 2591 ordinibus
1611 2547 1900 2599 constitutos,
1957 2548 2006 2587 ut
2054 2558 2080 2587 a

461 2619 684 2662 contentis
725 2620 771 2661 in
810 2620 911 2676 ipsa
946 2620 1271 2663 constitucione
1306 2620 1534 2662 abstinere
1567 2619 1773 2670 debeant,
1820 2620 1871 2659 ut
1903 2619 2079 2668 extunc,

460 2689 547 2731 nisi
571 2690 875 2733 abstinuerint
907 2705 933 2733 a
956 2691 1197 2746 prohibitis
1221 2692 1267 2733 in
1291 2692 1461 2744 eadem,
1496 2690 1551 2732 ab
1576 2689 1764 2731 ecclesia
1796 2701 1881 2744 pro
1904 2686 2079 2729 clericis

459 2759 644 2803 minime
689 2761 1014 2804 deffendantur.
1085 2763 1142 2804 Et
1185 2774 1445 2817 quanquam
1477 2760 1609 2803 nobis
1643 2763 1686 2802 et
1719 2757 1907 2802 concilio
1934 2757 2079 2799 visum

462 2830 683 2883 extiterit,
721 2833 835 2876 satis
870 2832 963 2875 fore
994 2833 1227 2888 provisum
1258 2846 1339 2888 per
1371 2831 1737 2874 constitutionem
1770 2827 1995 2885 prefatam
2028 2839 2081 2868 ac

460 2915 543 2957 per
584 2902 674 2944 alia
715 2903 827 2947 iuris
865 2904 1014 2946 media
1047 2907 1205 2946 contra
1237 2902 1495 2945 huiusmodi
1528 2901 1712 2943 clericos
1746 2899 2080 2953 delinquentes3

461 2972 502 3015 si
526 2976 677 3015 tamen
700 2975 823 3029 regie
845 2974 1089 3030 magestati
1111 2974 1339 3016 videbitur
1359 2972 1535 3027 plenius
1558 2969 1897 3026 providendum,
1929 2967 2081 3022 parati

604 3060 634 3103 a)
659 3059 703 3094 So
730 3059 787 3093 Or.
