2296 3512
857 208 1173 249 —835—

350 334 580 387 Quantum
615 337 671 377 ad
703 335 845 377 filiam
878 336 1048 377 domini
1080 337 1255 392 prinpis
1282 338 1512 380 Tarentini
1545 339 1672 391 dixit,
1706 341 1826 395 quod

208 404 357 446 fuerat
388 404 594 457 miratus,
628 405 735 461 quia
767 405 974 448 dominus
1008 406 1309 462 Berengarius
1342 409 1396 450 de
1418 408 1704 465 Vilariaguto
1737 423 1825 452 non

210 476 507 531 responderat
539 475 637 517 sibi.
700 476 758 517 Et
789 475 958 531 incepit
991 489 1089 517 eam
1122 477 1174 518 de
1207 478 1410 520 bonitate
1442 482 1486 521 et
1523 480 1829 535 pulcritudine

211 547 490 597 comendare,
533 545 640 601 quia
670 546 737 588 ita
770 546 1006 588 audiverat
1039 560 1065 588 a
1097 547 1278 590 domino
1310 562 1415 604 rege
1447 550 1659 603 Roberto,
1694 564 1827 606 quem

210 616 324 659 dixit
357 629 452 658 esse
486 616 713 659 hominem
744 616 964 660 veritatis.
1028 618 1133 659 Fuit
1176 618 1262 659 sibi
1301 619 1484 673 dictum,
1529 621 1646 663 sicut
1691 621 1828 663 etiam

209 687 371 739 fuerat,
420 688 538 742 quod
571 701 651 729 vos
685 692 728 729 et
761 687 968 730 dominus
1001 687 1151 731 infans
1187 690 1486 744 reputabatis,
1525 692 1644 746 quod
1669 692 1829 734 matri-

210 757 409 800 monium
451 760 569 800 esset
611 758 889 809 honorabile,
932 761 999 801 set
1039 759 1394 814 promittebatur
1430 761 1496 803 ita
1533 762 1710 804 modica
1741 776 1828 815 res,

212 829 331 883 quod
363 827 572 871 dominus
604 828 754 871 infans
786 832 975 884 propter
1008 829 1185 884 aliquas
1217 831 1524 884 necessitates,
1559 846 1670 887 quas
1692 833 1830 875 habe-

209 899 301 950 bat,
334 912 422 941 non
454 903 636 954 poterat
668 898 829 941 facere.

350 983 452 1038 Ipse
495 995 602 1024 vero
645 981 780 1034 dixit,
824 983 944 1037 quod
984 995 1074 1024 non
1108 983 1300 1025 debebat
1332 983 1479 1025 facere
1512 984 1603 1026 vim
1634 985 1680 1027 in
1713 986 1829 1039 dote,

210 1067 291 1095 nec
323 1052 469 1095 dictus
503 1052 710 1095 dominus
741 1053 953 1108 princeps
985 1053 1196 1106 habebat,
1230 1054 1347 1096 unde
1378 1057 1534 1110 posset
1571 1056 1679 1098 dare
1704 1070 1831 1112 mag-

210 1137 315 1166 nam
349 1124 511 1166 dotem.
575 1123 633 1165 Et
677 1122 764 1165 fuit
808 1123 894 1166 sibi
940 1124 1133 1177 dictum,
1179 1125 1299 1179 quod
1332 1125 1478 1168 dictus
1512 1126 1719 1168 dominus
1752 1141 1831 1169 rex

209 1195 436 1237 Robertus
468 1197 650 1249 poterat
683 1195 792 1237 dare
824 1194 894 1236 vel
927 1198 1149 1237 mutuare.
1212 1195 1270 1236 Et
1301 1195 1399 1251 ipse
1431 1197 1678 1251 respondit,
1713 1197 1833 1252 quod

210 1279 300 1308 non
332 1269 536 1320 poterat,
580 1265 687 1320 quia
718 1278 809 1307 non
847 1268 1028 1320 poterat
1061 1265 1147 1308 sibi
1181 1269 1224 1307 et
1255 1265 1476 1321 negociis,
1520 1280 1606 1322 que
1636 1268 1836 1310 habebat

212 1339 255 1378 et
288 1336 562 1388 assumebat,
596 1335 815 1378 sufficere.
878 1336 938 1378 Et
970 1336 1033 1378 sic
1067 1337 1369 1380 remansimus
1393 1340 1511 1379 tunc.
1575 1337 1740 1380 Postea
1765 1337 1835 1380 fu-

210 1407 328 1449 imus
361 1420 514 1449 coram
548 1420 598 1448 eo
633 1410 676 1449 et
706 1407 873 1449 iterato
912 1407 1197 1449 comendavit
1231 1408 1417 1449 eandem
1452 1408 1504 1450 de
1537 1422 1705 1464 magna
1735 1409 1837 1464 pui-

212 1478 433 1521 critudine
462 1480 505 1519 et
526 1478 730 1520 bonitate
755 1481 796 1520 et
820 1478 948 1530 dixit,
983 1479 1103 1533 quod
1127 1478 1335 1521 dominus
1357 1478 1508 1521 infans
1530 1493 1618 1521 non
1643 1480 1837 1521 debebat

211 1548 359 1591 facere
383 1549 474 1590 xim
506 1549 551 1589 in
585 1549 699 1591 dote.
749 1548 806 1590 Et
828 1549 972 1590 voluit
999 1549 1127 1601 scire,
1163 1551 1334 1604 quanta
1356 1550 1437 1592 dos
1466 1550 1832 1605 promittebatur.

211 1621 269 1661 Et
299 1620 385 1661 suit
418 1620 504 1662 sibi
537 1620 720 1671 dictum,
764 1621 884 1675 quod
917 1619 979 1662 VI
1010 1619 1120 1661 mill.
1155 1633 1253 1662 unc.
1317 1620 1375 1662 Et
1405 1620 1504 1675 ipse
1536 1621 1673 1673 dixit,
1715 1622 1836 1676 quod

213 1691 325 1733 satis
359 1694 457 1733 erat
490 1694 533 1733 et
566 1692 686 1746 quod
719 1690 947 1733 faciebant
979 1691 1110 1732 XXX
1141 1690 1252 1732 mill.
1287 1691 1442 1733 floren.
1505 1692 1564 1733 Et
1597 1692 1716 1747 quod
1738 1691 1837 1747 ipse

213 1762 495 1814 consulebat,
531 1763 651 1817 quod
683 1775 771 1803 non
804 1765 1035 1817 peteretur
1065 1762 1180 1817 plus.
1245 1763 1305 1803 Et
1336 1762 1420 1804 hoc
1452 1762 1640 1818 repeciit
1672 1763 1838 1805 multo-

214 1834 354 1885 ciens;
388 1837 454 1875 set
478 1834 595 1888 quod
619 1832 760 1884 fieret,
785 1833 905 1888 quod
928 1837 1046 1875 esset
1068 1833 1179 1874 bene
1204 1836 1386 1875 cautum
1409 1834 1463 1875 de
1486 1833 1618 1875 dictis
1636 1833 1699 1875 VI
1720 1833 1831 1875 mill.

215 1918 313 1946 unc.
375 1904 432 1945 Et
472 1903 577 1946 licet
617 1904 715 1959 ipse
760 1903 946 1956 dixerit,
994 1904 1114 1959 quod
1158 1903 1255 1959 ipse
1288 1903 1566 1959 significaret
1597 1905 1682 1945 hoc
1714 1903 1836 1946 dicto

215 1975 397 2017 domino
428 1975 638 2030 principi,
671 1989 758 2017 non
782 1975 962 2016 videtur
988 1978 1140 2016 tamen
1168 1974 1364 2017 intencio
1387 1988 1483 2027 sua,
1521 1975 1642 2030 quod
1665 1974 1838 2030 aliquid

217 2045 410 2100 amplius
441 2046 718 2100 promitatur
750 2046 820 2087 vel
854 2047 1003 2097 detur3
1036 2045 1174 2087 immo
1209 2059 1309 2088 cum
1337 2045 1423 2087 sibi
1446 2046 1684 2098 diceretur,
1718 2046 1839 2101 quod

217 2117 424 2159 dominus
473 2116 839 2172 archiepiscopus
883 2116 1172 2168 Alborensis,
1226 2115 1467 2158 familiaris
1516 2116 1624 2158 dicti
1669 2115 1839 2158 domini

216 2187 448 2244 principis,
475 2186 664 2239 dixerat,
699 2188 818 2242 quod
844 2187 973 2229 fieret
1006 2186 1384 2242 complementum
1410 2188 1466 2228 ad
1487 2187 1568 2228 XL
1591 2186 1700 2228 mill.
1725 2187 1837 2237 flor.,

218 2258 344 2310 dixit,
379 2259 498 2313 quod
530 2270 619 2298 non
652 2258 829 2300 dicebat
860 2272 1030 2299 verum.

361 2339 505 2394 Super
536 2339 657 2381 facto
691 2343 841 2381 antem
875 2340 1134 2392 dilaciouis,
1176 2354 1276 2382 cum
1310 2339 1534 2381 diceretur
1567 2339 1676 2392 sibi,
1720 2339 1840 2394 quod

221 2425 297 2453 vos
330 2411 561 2452 intellecta
592 2410 860 2453 necessitate
894 2424 975 2452 sua
1007 2411 1232 2453 nolebatis
1268 2410 1382 2452 illud
1413 2413 1621 2453 mutuum
1655 2411 1707 2452 de
1738 2423 1840 2465 pec-

220 2482 350 2524 cunia
385 2482 617 2523 abstracta
650 2482 703 2522 de
737 2481 965 2534 sacrariis,
997 2481 1135 2523 immo
1171 2481 1283 2523 alias
1316 2481 1510 2523 libenter
1539 2480 1758 2523 iuvaretis
1783 2481 1840 2521 ad

220 2552 546 2595 sublevandum
580 2565 709 2594 suam
742 2552 1081 2605 necessitatem,
1127 2552 1254 2603 dixit,
1302 2553 1421 2607 quod
1452 2565 1543 2594 non
1577 2554 1675 2594 erat
1706 2551 1840 2593 homo

218 2624 265 2666 in
298 2624 478 2671 mundo,
514 2622 590 2677 qui
621 2623 841 2664 maiorem
874 2623 1190 2665 necessitatem
1222 2623 1423 2675 haberet,
1458 2636 1594 2678 quam
1620 2623 1730 2678 ipse.
1784 2622 1841 2663 Et

219 2698 327 2737 tunc
366 2693 533 2748 incepit
578 2693 771 2735 multum
818 2693 1085 2735 comendare
1123 2697 1280 2748 gentes
1313 2696 1512 2745 vestras,
1559 2693 1680 2748 quod
1712 2694 1842 2734 erant

219 2765 424 2807 homines
469 2764 661 2815 strenui,
706 2763 924 2805 laboriosi
969 2766 1013 2804 et
1043 2764 1154 2805 bene
1187 2764 1339 2819 parati
1370 2764 1417 2805 in
1451 2764 1576 2819 equis
1611 2767 1655 2805 et
1688 2762 1840 2814 armis,

223 2840 266 2878 et
299 2836 412 2877 alias
445 2849 534 2877 non
566 2834 755 2876 nimium
790 2833 1057 2889 sumptuosi.
1106 2834 1164 2875 Et
1196 2834 1283 2876 fuit
1309 2834 1396 2877 sibi
1419 2834 1603 2886 dictum,
1636 2834 1769 2889 quod,
1803 2831 1843 2874 si

221 2907 319 2962 ipse
364 2905 646 2961 experiretur
691 2906 855 2946 bonam
900 2904 1202 2955 voluntatem,
1255 2918 1391 2960 quarn
1434 2904 1642 2946 dominus
1691 2903 1843 2945 infans

222 2976 439 3019 Alfonsus
473 2982 517 3018 et
550 2976 756 3018 dominus
788 2974 939 3017 infans
971 2974 1144 3027 Petrus,
1180 2975 1252 3030 qui
1289 2977 1393 3016 sunt
1427 2975 1521 3030 apti
1555 2975 1611 3016 ad
1633 2975 1730 3026 hoc,
1762 2973 1842 3014 ha-

1632 3056 1700 3089 53*
