2296 3512
872 264 1185 304 —657—

216 389 377 446 perfidi
408 390 638 431 habebant
667 390 714 431 in
747 403 867 445 aqua
899 389 1019 432 dulci
1052 393 1095 433 et
1129 392 1248 434 circa
1281 395 1324 434 et
1355 393 1400 435 in
1435 397 1572 447 terra,
1604 408 1747 450 usque
1781 396 1838 437 ad

216 460 578 516 patriarchatum
623 460 993 515 Aquilegiensem
1048 475 1203 504 sumus
1258 464 1468 519 expediti.
1551 463 1696 520 Super
1750 465 1837 508 hiis

216 544 336 582 vero,
371 543 455 585 que
477 530 647 571 habent
677 530 723 571 in
750 531 868 572 mari
891 533 935 572 et
958 531 1078 573 circa
1099 546 1238 585 mare,
1261 535 1499 588 provideat
1524 537 1685 578 amodo
1708 549 1837 579 sanc-

215 601 325 643 titas
366 600 500 652 viam,
542 602 679 655 prout
712 601 878 643 viderit
911 601 1133 657 expedire.
1198 602 1301 644 Dat.
1336 605 1535 647 Bononie
1568 606 1638 648 die
1670 606 1835 649 XXVI.

215 670 383 713 mensis
414 669 748 726 Septembrisl)

354 741 615 783 Reverendo
664 741 710 783 111
744 740 925 785 Christo
971 742 1093 798 patri
1126 746 1169 785 et
1217 744 1397 787 domino
1442 759 1609 799 eorum,
1655 748 1837 790 domino

214 812 418 854 Arnaldo
452 815 607 854 sancte
640 812 783 855 Marie
814 813 860 854 in
883 813 1069 856 Portieu
1092 814 1282 857 diacono
1307 815 1527 858 cardinali
1552 818 1630 872 [et]
1656 822 1837 874 aposto-

215 883 299 925 lice
341 882 461 925 sedis
505 883 656 937 legato
701 883 932 925 Arnaldus
975 884 1173 927 vicarius
1215 885 1386 927 domini
1424 886 1601 930 comitis
1642 888 1837 930 Roman-

217 953 368 1009 [diole]
409 967 492 1009 pro
537 953 717 996 domino
750 968 890 1010 papa,
929 954 1278 1010 Berna[r]dinus
1313 957 1366 997 de
1398 956 1600 1010 Polenta‚
1632 962 1836 1014 potestas

215 1024 374 1068 Ceruie
422 1026 465 1066 et
512 1024 822 1080 capitaneusa)
858 1060 865 1066 .
902 1059 909 1066 .
946 1059 954 1067 .
1000 1028 1204 1082 potestas
1257 1027 1680 1084 Raven[natensis],
1729 1030 1837 1072 Vin-

213 1095 391 1137 turinus
433 1096 486 1137 de
527 1096 751 1151 Bergamo
795 1100 838 1138 et
877 1096 1076 1141 Jacobus
1110 1099 1163 1139 de
1195 1098 1229 1139 F
1233 1101 1404 1140 untana
1437 1099 1700 1154 capitaneus
1733 1101 1837 1142 Fer-

213 1165 430 1208 rariensis
476 1165 523 1207 in
567 1165 800 1208 obsidione
844 1168 1060 1210 Marcabo
1107 1181 1190 1224 pro
1237 1169 1418 1212 domino
1459 1173 1616 1212 nostro
1662 1184 1836 1214 summo

213 1236 425 1292 pontifice
458 1240 790 1280 commorantes
824 1252 924 1280 cum
956 1240 1403 1282 recommendacione
1426 1253 1473 1283 se
1504 1240 1642 1296 ipsos.
1697 1242 1838 1285 Vobis

214 1311 370 1350 tenore
387 1307 664 1363 presentium
689 1308 1018 1364 signifficamus
1035 1311 1091 1352 ad
1107 1311 1336 1365 gaudium,
1357 1312 1477 1366 quod
1492 1312 1624 1354 hodie
1637 1316 1837 1355 castrum

215 1379 429 1421 Marcabo
474 1378 597 1421 venit
642 1380 698 1421 ad
742 1381 960 1422 mandata
1001 1384 1289 1423 sacrosancte
1322 1382 1523 1424 Romane
1569 1383 1753 1426 ecclesie
1796 1387 1839 1426 et

213 1449 358 1505 ipsius
387 1449 558 1491 domini
589 1450 736 1492 nostri
769 1463 820 1491 ac
854 1450 949 1494 eius
976 1451 1177 1494 fidelium
1209 1452 1323 1494 hora
1353 1466 1486 1504 nona7
1520 1454 1573 1495 de
1597 1454 1760 1510 quibus
1792 1455 1837 1496 in

214 1520 395 1562 domino
437 1521 689 1576 gaudeatis,
729 1521 806 1576 qui
847 1535 1026 1577 semper
1057 1522 1259 1578 negocia,
1294 1537 1380 1579 que
1412 1524 1561 1579 agitis,
1594 1524 1641 1566 in
1674 1525 1836 1568 melius

213 1591 515 1647 prosperabit.
579 1592 683 1633 Dat.
721 1592 768 1633 in
800 1596 952 1635 vestro
993 1593 1217 1636 excercitu
1250 1593 1370 1636 felici
1402 1595 1473 1637 die
1504 1595 1694 1638 XXIIII.
1729 1595 1836 1652 Sep-

213 1662 402 1705 tembris
433 1662 547 1704 hora
580 1664 756 1718 nona.2)

355 1744 445 1780 CRD
470 1744 573 1781 4124.
623 1744 801 1779 Ebenfalls
826 1745 946 1790 langer
969 1746 1255 1790 Papierstreifen⁷
1287 1748 1349 1781 der
1374 1747 1429 1781 die
1455 1748 1576 1782 Briefe
1602 1749 1664 1783 Nr.
1691 1748 1759 1784 412
1786 1749 1837 1784 bis

213 1803 282 1837 416
308 1802 451 1837 euthalt.

214 1924 311 1964 416.
322 1923 682 1977 Kardinallegat
690 1923 866 1966 Arnald
876 1937 934 1966 an
943 1924 968 1966 d
975 1936 1031 1967 en
1038 1925 1332 1979 papsth‘chen
1341 1925 1633 1968 Camerarius
1641 1927 1842 1970 Bischof

214 1993 447 2035 Bertrand
468 2005 556 2036 von
577 1994 706 2036 Albi:
730 1995 988 2037 Einnahme
1014 1995 1093 2038 des
1116 1996 1323 2038 Kastells
1345 2009 1434 2040 von
1456 1998 1701 2051 Marcamo,
1723 1999 1837 2052 ‚vita

302 2064 349 2105 et
381 2066 535 2106 anima
565 2065 880 2108 Venetorum‘.
943 2066 1157 2120 Bologna
1188 2066 1344 2121 (1309)
1376 2067 1650 2122 September
1681 2069 1752 2110 27.

354 2157 545 2200 Domine
579 2159 817 2201 camerari!
881 2160 975 2203 Nos
1006 2161 1238 2204 Arnaldus
1265 2162 1319 2204 de
1341 2162 1566 2217 Pelagrua
1589 2163 1836 2206 cardinalis

212 2230 401 2284 propter
432 2227 645 2272 festinum
677 2243 904 2273 recessum
937 2232 1220 2286 presencium
1253 2233 1528 2288 portitorum
1568 2247 1657 2275 non
1686 2235 1835 2289 potui-

213 2313 314 2341 mus
349 2299 471 2341 aliud
503 2300 699 2342 scribere
732 2302 881 2356 quoad
913 2316 1115 2357 presens,
1138 2303 1226 2346 nisi
1254 2305 1387 2359 quod,
1411 2304 1528 2346 sicut
1552 2305 1629 2357 eri,
1655 2306 1834 2361 quando

212 2370 405 2426 predicti
436 2371 683 2425 portitores
717 2373 772 2414 ad
805 2386 888 2415 nos
921 2387 1022 2415 cum
1054 2375 1220 2417 vestris
1252 2375 1418 2417 litteris
1452 2379 1768 2431 pervenerunt,
1793 2380 1836 2418 et

214 2442 358 2483 adhuc
401 2441 532 2483 hodie
574 2442 813 2484 scribimus
855 2444 1035 2486 domino
1077 2448 1249 2497 nostro,
1284 2449 1483 2488 castrum
1511 2447 1564 2488 de
1589 2447 1834 2500 MarcamQ

213 2513 332 2567 quod
379 2515 476 2553 erat
517 2512 613 2554 vita
658 2515 701 2554 et
746 2514 897 2555 anima
929 2515 1218 2569 Venetorum,
1265 2520 1447 2572 captum
1486 2517 1571 2558 fuit
1609 2518 1680 2559 die
1718 2531 1834 2560 mer-

213 2583 373 2638 euriia)
407 2583 611 2638 proxime
633 2584 852 2638 preterita
883 2585 997 2627 hora
1029 2600 1144 2628 none
1172 2590 1215 2629 et
1248 2590 1316 2629 est
1347 2588 1394 2629 in
1425 2588 1637 2630 manibus
1665 2588 1835 2630 domini

212 2654 371 2706 nostri,
415 2656 458 2695 et
498 2666 653 2695 secure
691 2657 842 2709 potest
875 2655 1021 2698 dicere
1064 2657 1271 2699 dominus
1304 2661 1473 2709 noster,
1507 2659 1627 2713 quod
1666 2659 1833 2701 eisdem

214 2724 397 2766 Venetis
431 2724 631 2779 pulcrius
664 2727 707 2766 et
739 2725 895 2768 utilius
933 2726 1076 2769 iocale
1113 2728 1321 2781 abstulit,
1357 2731 1476 2785 quod
1517 2730 1748 2781 haberent,
1791 2734 1834 2771 et

214 2796 335 2851 quod
369 2795 461 2837 vita
494 2798 591 2837 erat
624 2798 667 2837 01
699 2795 946 2838 dominium
979 2799 1222 2840 eorundem
1244 2799 1289 2841 in
1312 2800 1525 2854 partibus
1547 2799 1831 2841 Lombardie.

281 2877 334 2904 415
353 2879 382 2921 a)
408 2877 592 2920 Ungef'ahr
617 2879 637 2911 5
664 2877 808 2911 Worter
832 2877 961 2914 fehlen,
1011 2878 1064 2905 416
1082 2881 1112 2923 a)
1139 2881 1291 2914 mercuri
1316 2880 1437 2924 Kopie.

355 2982 379 3026 ¹)
405 2983 476 3017 Der
501 2983 577 3017 hier
602 2983 780 3017 erwahnte
806 2983 906 3017 Brief
930 2983 1029 3017 fehlt.

354 3042 380 3085 2)
406 3041 539 3076 Kastell
563 3042 597 3076 di
622 3042 797 3076 Mai-camo
823 3041 878 3086 lag
903 3041 957 3075 bei
982 3042 1158 3078 Ravenna.

353 3124 376 3150 F
384 3125 392 3150 i
400 3132 419 3150 n
428 3125 447 3151 k
455 3132 471 3150 0
481 3145 487 3157 ,
508 3125 582 3151 Acta
602 3125 807 3158 Aragonensia.
1646 3114 1690 3147 42
