2296 3512
1060 275 1378 315 —874—

407 403 527 457 quod
563 401 610 443 in
650 402 879 444 tricesima
924 403 1120 444 secunda
1162 402 1232 444 die
1264 405 1368 458 post
1399 401 1565 445 festum
1606 401 1862 445 nativitatis
1895 402 2025 444 beate

407 472 546 514 Marie
587 472 792 528 proxime
836 472 1117 528 preteritum,
1159 472 1421 514 intendebat
1461 473 1525 514 ibi
1567 486 1676 525 esse,
1724 475 1767 514 et
1812 473 1929 527 quod
1960 472 2026 514 ita

405 542 683 597 significaret
723 543 864 585 vobis.
939 543 997 585 Et
1037 557 1119 598 ego
1153 543 1248 585 dixi
1288 544 1408 586 dicto
1450 543 1671 598 magistro
1712 542 1940 585 Arnaldo:
1975 542 2025 585 Si

405 613 614 656 dominus
636 627 756 669 papa
784 617 878 655 tam
904 613 980 656 diu
1007 612 1245 657 differebat
1266 615 1418 656 venire
1441 615 1498 656 ad
1515 613 2023 670 Montempessulanum,

406 683 602 739 qualiter
632 687 786 740 posset
820 697 916 727 esse
943 684 1113 726 Vienne
1145 684 1192 726 in
1223 684 1340 727 festo
1374 684 1586 726 Omnium
1618 684 1906 727 sanctorum?
1968 684 2026 726 Et

407 755 505 810 ipse
537 754 784 810 respondit,
825 756 945 809 quod
982 754 1101 797 diem
1139 755 1446 798 coronationis
1480 768 1557 797 sue
1589 757 1919 811 prorogaverat
1951 768 2025 797 us·

404 839 490 880 que
523 825 580 867 ad
613 826 817 880 quintam
859 825 1080 867 decimam
1114 825 1231 867 diem
1264 828 1368 881 post
1411 826 1581 867 dictum
1612 825 1778 869 festum
1810 825 2025 868 Omnium

404 899 679 949 sanctorum,
713 899 757 938 et
793 896 858 938 ita
880 897 992 939 bene
1014 899 1168 952 posset
1190 899 1297 938 tunc
1318 896 1382 938 ibi
1405 909 1514 938 esse.
1571 897 1712 950 Istud,
1737 896 2026 938 serenissime

403 966 628 1022 princeps,
661 967 790 1010 vobis
823 967 1079 1022 significare
1122 966 1290 1019 curavi,
1333 970 1382 1009 ut
1419 966 1602 1009 interim
1635 967 1885 1008 deliberare
1921 979 2026 1022 pos·

405 1037 520 1089 sitis,
555 1038 661 1092 quid
695 1051 828 1094 agere
861 1038 1077 1081 debeatis.
1140 1038 1197 1079 Et
1225 1050 1307 1093 ego
1343 1037 1458 1079 vado
1493 1038 1549 1079 ad
1581 1037 1812 1079 dominum
1844 1050 2024 1092 papam,

405 1122 552 1163 quem,
586 1113 637 1150 ut
669 1110 815 1161 credo,
861 1109 1088 1151 inveniam
1120 1109 1165 1150 in
1198 1110 1327 1163 Agen
1361 1108 1431 1149 vel
1472 1108 1534 1150 ibi
1574 1121 1728 1164 prope.
1761 1108 2025 1151 Altissimus

404 1192 484 1221 vos
508 1183 755 1222 conservet.
821 1180 924 1222 Dat.
950 1179 1110 1222 Tolose
1142 1179 1188 1221 in
1220 1179 1337 1221 festo
1361 1178 1657 1222 exaltacionis
1679 1182 1834 1221 sancte
1867 1178 2024 1230 crucis,

404 1249 450 1291 in
483 1250 632 1292 media
664 1251 817 1293 tercia.

544 1320 646 1356 CBD.
697 1320 849 1364 Separat.
901 1321 959 1355 Or.
977 1320 1060 1364 Pap.
1110 1319 1211 1354 Stark
1235 1319 1406 1354 verblasst
1433 1320 1503 1354 und
1528 1330 1571 1354 an
1597 1319 1777 1354 einzelnen
1803 1318 1934 1354 Stellen
1960 1330 2025 1353 un-

400 1378 573 1413 leserlich.
624 1379 698 1423 Ssp.
751 1379 904 1423 Wichtig
935 1390 1055 1423 wegen
1087 1380 1149 1413 der
1174 1379 1421 1423 Beziehungen
1448 1379 1595 1414 Arnalds
1622 1390 1665 1412 zu
1690 1378 1851 1414 Clemens
1876 1378 1919 1412 V.
1945 1388 2026 1412 vom

404 1438 538 1482 Beginn
564 1438 680 1472 seiner
704 1438 900 1483 Regierung
924 1449 978 1472 an.

405 1570 501 1611 552.
525 1569 688 1624 Jayme
710 1570 775 1611 II.
799 1582 856 1611 an
879 1569 1058 1611 Arnald
1080 1581 1168 1611 von
1191 1569 1455 1612 villanova:
1485 1569 1575 1612 soll
1597 1570 1686 1611 mit
1708 1569 1810 1611 dem
1833 1567 2033 1612 Bischof

402 1640 635 1682 Antonius
687 1651 775 1682 von
826 1640 1035 1682 Durham
1100 1640 1386 1682 verhaiideln
1452 1642 1502 1682 in
1565 1638 1741 1682 Sachen
1797 1639 1880 1681 der
1942 1640 2026 1682 Be·

545 1710 805 1764 kampfung
837 1709 921 1752 der
952 1709 1293 1763 Ungliiubigen.
1357 1708 1544 1763 (1305)6
1575 1709 1784 1751 Februar
1816 1709 1884 1752 11.

542 1805 741 1847 Jacobus
784 1807 865 1846 etc.
911 1803 1157 1845 venerabili
1199 1803 1421 1858 magistro
1454 1803 1658 1846 Arnaldo
1697 1804 1750 1845 de
1784 1803 2027 1845 Villanova

402 1875 591 1929 phisico,
626 1874 884 1918 consiliario
919 1878 962 1916 et
995 1873 1213 1916 familiari
1246 1874 1412 1917 dilecto
1441 1874 1634 1917 salutem
1659 1876 1739 1916 etc.
1803 1874 2026 1916 Litteram

401 1950 602 1988 vestram
647 1946 897 2001 recepimus
942 1944 1262 1988 transmissam
1306 1958 1387 1999 per
1429 1945 1605 1987 fidelem
1650 1948 1857 1988 nostrum
1889 1944 1937 1987 P.
1972 1945 2026 1987 de

401 2017 752 2068 MontemolonQ
798 2019 1098 2058 mercatorem
1140 2020 1184 2058 et
1225 2016 1367 2058 civem
1401 2016 1857 2070 Barchinonenseml)
1892 2028 2027 2070 super

402 2086 489 2129 hiis
522 2088 640 2129 inter
672 2087 775 2140 alia,
810 2101 894 2142 que
928 2087 1091 2129 dilecto
1116 2086 1377 2129 consiliario
1403 2090 1559 2129 nostro
1584 2086 1888 2130 Gondissalbo
1912 2085 2026 2128 Gar-

402 2157 467 2200 cie
508 2158 756 2200 venerabili
797 2158 842 2200 in
885 2156 1066 2200 Christo
1122 2157 1244 2212 patri
1302 2157 1502 2200 Antonio
1540 2158 1876 2212 Dunelmensia)
1911 2157 2027 2212 epis-

402 2242 514 2283 copo
548 2229 854 2271 commisimus
893 2229 1129 2271 referenda
1172 2230 1214 2270 et
1256 2228 1400 2282 ipsius
1441 2228 1592 2271 littere
1633 2231 1799 2279 tenent,
1844 2242 1896 2270 ac
1941 2241 2025 2283 que

401 2299 558 2342 retulit
590 2300 735 2342 dictus
768 2300 829 2351 P„
863 2299 1064 2355 plenarie
1096 2299 1339 2341 intellectis
1376 2299 1432 2341 ad
1465 2299 1545 2341 hec
1576 2302 1726 2343 vestre
1759 2298 2026 2342 discrecioni

402 2370 556 2412 taliter
588 2371 933 2425 respondemus:
968 2370 1088 2425 quod
1120 2372 1393 2425 perpetuum
1425 2369 1601 2423 finibili,
1628 2369 1809 2412 firmum
1831 2369 2024 2421 infirmo,

401 2444 557 2496 utpote
582 2441 743 2483 celeste
761 2440 1089 2496 temporalibus
1107 2444 1407 2496 preponentes
1430 2440 1720 2496 zelantesque
1737 2454 1820 2495 pro
1838 2440 2024 2495 negocio

401 2511 660 2563 salvatoris,
701 2510 829 2566 [in]b)
871 2524 959 2566 quo
994 2511 1186 2553 vivimus
1220 2515 1263 2553 et
1295 2525 1556 2568 regnamus,
1605 2525 1658 2553 ac
1689 2511 1890 2554 volentes
1923 2511 2023 2565 ad0)

402 2582 730 2624 exaltacionem
782 2581 1067 2624 sanctissime
1121 2582 1265 2625 crucis
1318 2582 1365 2624 in
1419 2583 1726 2625 confusionem
1788 2581 2025 2624 barbarice

401 2652 604 2695 nacionis
637 2653 682 2695 in
706 2653 785 2695 Dei
817 2652 1008 2695 servicio
1043 2654 1296 2708 expendere
1331 2653 1425 2696 dies
1458 2656 1653 2706 nostros,
1677 2652 1817 2695 verba
1838 2654 2026 2708 propter

400 2724 482 2766 hec
514 2724 634 2767 dicto
667 2723 973 2767 Gondissalbo
1004 2724 1182 2779 prefato
1220 2725 1445 2780 episcopo,
1482 2723 1608 2767 cuius
1636 2723 1846 2766 novimus
1867 2722 2024 2765 volun-

401 2796 542 2836 tatem
575 2795 621 2836 in
653 2794 741 2837 isto
775 2808 876 2836 cum
908 2796 1066 2836 nostra
1099 2807 1378 2847 concurrere,
1425 2794 1732 2837 commisimus
1760 2793 2022 2835 refferenda.

402 2865 460 2907 Et
506 2865 612 2907 licet
660 2865 898 2921 episcopus
938 2865 1035 2920 ipse
1076 2878 1194 2907 nunc
1237 2865 1368 2909 nobis
1402 2864 1702 2921 rescripserit,
1746 2864 1895 2919 ipsum
1928 2863 2023 2905 sine

472 2946 526 2974 552
546 2952 576 2989 a)
601 2946 828 2981 Dunolmensi
853 2947 937 2991 Reg.
1019 2947 1048 2991 b)
1074 2946 1185 2981 Fehlt.
1250 2951 1278 2991 0)
1306 2948 1397 2991 quod
1422 2947 1506 2992 Reg.

473 3052 526 3079 552
548 3052 572 3097 ¹)
598 3052 676 3097 Vgl.
702 3052 870 3097 Register.
