2296 3512
949 286 1267 327 —669-

301 407 546 463 apostolice
578 409 675 451 sedi
707 413 751 451 et
783 411 955 453 cunctis
987 412 1097 454 viris
1131 413 1365 458 catholicis
1397 416 1559 458 merito
1588 417 1847 473 displiceret
1874 421 1917 460 et

298 478 445 520 favori
477 491 529 520 ac
561 480 702 522 statui
734 480 905 523 ordinis
936 481 1127 524 nimium
1150 484 1390 540 derogaret
1412 490 1456 528 et
1477 487 1693 529 honorem
1715 492 1917 531 vestrum

298 549 473 603 regium
504 550 713 605 nequiter
744 551 995 593 macularet
1027 554 1071 594 et
1103 553 1211 595 dicti
1241 556 1411 597 domini
1442 570 1558 612 pape
1593 562 1636 600 et
1669 558 1916 614 apostolice

298 619 416 662 sedis
459 620 676 663 adversus
718 634 797 664 vos
840 622 1178 677 displicenciam
1223 628 1265 666 et
1315 626 1678 682 indignacionem
1726 629 1915 671 nimium

297 689 527 742 excitaret,
567 704 760 746 quorum
793 692 884 734 iam
923 693 1059 735 etiam
1097 694 1461 749 indignacionem
1494 711 1629 754 opere
1662 702 1706 741 et
1739 701 1915 743 actibus

294 760 472 812 vestris,
542 764 591 803 ut
649 762 789 815 scitis,
856 766 1016 806 contra
1075 769 1280 807 nostrum
1343 767 1579 810 consilium
1637 770 1913 814 incurristis:

294 830 508 884 volentes,
536 835 587 873 ut
607 845 864 888 possumus,
895 835 1057 877 vestris
1079 836 1294 890 periculis
1317 838 1501 880 obviare
1526 852 1547 880 e
1571 841 1761 895 vestigio
1785 842 1913 884 vobis
1945 838 1953 843 ’

292 900 590 944 refferendum
613 903 895 958 providimus
918 907 1155 960 negocium
1178 907 1465 962 prelibatum.
1519 909 1762 965 Rogantes,
1785 912 1913 954 indu-

293 974 442 1014 centes
469 976 604 1028 atque
626 978 860 1017 monentes
882 975 1217 1019 fraternitatem
1240 981 1454 1031 vestram,
1480 985 1648 1034 quanto
1671 995 1912 1036 possumus

292 1043 549 1097 expressius
577 1048 619 1086 et
648 1045 798 1088 carius
827 1047 1126 1100 consulentes,
1159 1051 1381 1104 quatenus
1403 1052 1657 1106 prospectis
1684 1052 1910 1107 periculis,

289 1113 475 1156 infamie
506 1116 696 1159 maculis
731 1120 774 1158 et
801 1118 1063 1173 dampnosis
1087 1119 1400 1162 occasionibus
1423 1121 1613 1176 proinde
1636 1122 1911 1166 indubitabi-

288 1183 393 1226 liter
430 1185 696 1240 profuturis,
738 1192 1014 1231 memoratos
1047 1189 1188 1233 frates
1221 1190 1440 1247 profugos
1474 1195 1518 1233 et
1549 1193 1754 1246 rebelles,
1795 1194 1834 1236 si
1865 1194 1911 1237 in

288 1256 496 1310 partibus
531 1255 684 1299 Sicilie
718 1262 823 1301 sunt
854 1259 1047 1314 profecti
1081 1260 1152 1303 vel
1175 1262 1328 1304 venire
1358 1263 1600 1318 contigerit
1629 1265 1685 1305 ad
1715 1266 1909 1317 easdem,

287 1329 383 1368 tum
417 1328 472 1369 ob
506 1328 589 1369 Dei
623 1332 666 1370 et
699 1330 948 1384 apostolice
980 1331 1099 1373 sedis
1133 1333 1440 1375 reverenciam
1475 1337 1517 1375 et
1549 1335 1778 1387 honorem,
1814 1341 1910 1378 tum

288 1398 342 1439 ad
376 1397 590 1453 fugienda
628 1400 831 1455 pericula
868 1404 911 1443 et
945 1401 1034 1443 alia
1067 1404 1332 1458 supradicta
1365 1404 1623 1448 nullatenus
1657 1406 1910 1450 admittatis

285 1470 353 1510 set
394 1482 583 1524 prorsus
625 1471 834 1514 abiciatis
869 1473 1048 1515 eosdem
1081 1487 1226 1530 neque
1258 1475 1493 1517 vobiscum
1525 1475 1759 1518 inveniant
1790 1479 1909 1520 refu-

284 1538 408 1593 gium
440 1539 512 1581 vel
547 1541 764 1584 auxilium
801 1542 1173 1599 qualemcunque,
1209 1545 1317 1601 quin
1348 1546 1486 1589 immo
1521 1547 1657 1589 etiam
1690 1551 1909 1604 tanquam

284 1610 472 1653 devotus
512 1614 555 1653 et
592 1612 804 1668 princeps
844 1614 1092 1657 catholicus
1135 1616 1200 1658 sic
1231 1616 1424 1660 faveatis
1459 1618 1621 1670 ordini,
1656 1620 1775 1674 quod
1808 1634 1907 1675 pre-

284 1680 392 1723 dicti
435 1682 630 1738 profugi,
677 1684 716 1726 si
756 1684 802 1726 in
846 1685 1055 1740 partibus
1090 1686 1324 1730 districtus
1356 1690 1498 1731 vestri
1536 1691 1822 1743 accesserint,
1861 1691 1907 1733 in

282 1754 554 1807 potestatem
601 1757 645 1796 et
686 1754 973 1810 disciplinam
1016 1757 1188 1799 ordinis
1226 1761 1378 1801 vestro
1420 1760 1588 1802 auxilio
1628 1761 1905 1816 redigantur.

283 1823 354 1864 Ab
380 1824 588 1868 omnibus
621 1825 739 1867 enim
763 1827 997 1870 catholicis
1020 1841 1109 1871 non
1141 1828 1288 1872 solum
1322 1831 1569 1886 repellendi
1590 1845 1746 1874 verum
1770 1833 1907 1875 etiam

282 1897 387 1936 sunt
420 1894 605 1950 fugandi
640 1897 755 1939 tales
789 1900 833 1939 et
867 1898 1037 1941 similes
1079 1899 1269 1942 rebelles
1312 1904 1356 1943 et
1392 1901 1597 1957 profuge,
1638 1903 1715 1958 qui
1748 1906 1906 1946 contra

285 1964 555 2008 decisionem
590 1970 634 2009 et
665 1967 839 2010 iussum
872 1970 1091 2024 apstolice
1123 1971 1242 2014 sedis
1276 1975 1320 2013 et
1351 1985 1536 2014 suorum
1568 1973 1794 2016 maiorum
1827 1989 1905 2018 sue

281 2035 539 2079 rebellionis
567 2038 827 2081 calcaneum
860 2040 1041 2096 erigunt
1064 2044 1107 2083 et
1133 2043 1397 2085 oberrantes
1430 2044 1614 2086 modum
1636 2058 1801 2087 novum
1826 2059 1905 2088 seu

279 2105 473 2148 formam
514 2111 557 2149 et
588 2108 709 2151 viam
742 2124 906 2152 novam
944 2111 1147 2154 invenire
1180 2116 1397 2169 satagunt
1427 2114 1473 2155 in
1511 2115 1686 2157 unitate
1720 2117 1903 2159 ecclesie

280 2190 370 2218 non
402 2182 647 2222 manentes.
712 2181 841 2223 Istud
883 2184 1034 2224 autem
1075 2183 1372 2226 refferendum
1419 2185 1547 2228 vobis
1586 2199 1674 2228 non
1708 2188 1902 2231 vidimus

279 2248 637 2303 ommittendum,
672 2253 791 2306 quod
822 2253 869 2294 in
902 2253 1059 2296 talium
1085 2254 1382 2310 profugarum
1406 2257 1476 2298 vel
1499 2257 1734 2299 rebellium
1758 2273 1902 2314 neque

279 2318 493 2361 similium
526 2322 814 2376 opinionibus
847 2337 926 2367 seu
956 2325 1095 2368 variis
1130 2326 1462 2370 assercionibus
1495 2342 1584 2371 non
1613 2332 1680 2372 est
1706 2330 1900 2385 pruden-

280 2389 395 2431 cium
442 2392 661 2434 assentire
705 2398 774 2435 set
818 2395 1043 2437 maiorum
1089 2399 1132 2438 et
1176 2398 1409 2440 saniorum
1448 2399 1817 2443 ordinacionibus
1858 2404 1900 2443 et

278 2460 580 2504 decisionibus
612 2463 807 2516 obedire,
840 2465 1155 2522 principaliter
1186 2469 1358 2510 domini
1385 2483 1516 2525 pape,
1554 2471 1625 2512 cui
1656 2472 1899 2514 comissum

278 2534 320 2572 et
353 2532 509 2573 datum
543 2536 610 2575 est
643 2535 834 2590 desuper
867 2537 1137 2580 catholicam
1171 2539 1405 2582 ecclesiam
1439 2541 1707 2595 gubernare,
1743 2547 1785 2584 et
1819 2543 1896 2584 ali-

276 2615 406 2643 orum
439 2604 521 2645 sub
556 2617 605 2646 eo
640 2606 910 2660 regencium,
954 2608 1071 2650 inter
1104 2623 1216 2665 quos
1249 2610 1409 2666 religio
1442 2610 1637 2654 fratrum
1672 2613 1896 2655 Minorum

277 2673 524 2716 constituta
569 2678 648 2727 est,
702 2676 867 2718 dicioni
911 2678 1036 2721 cuius
1081 2680 1253 2722 domini
1296 2695 1414 2737 pape
1454 2685 1497 2724 et
1541 2683 1797 2726 obediencie
1846 2698 1897 2726 ac

275 2743 511 2799 discipline
544 2748 588 2786 et
619 2745 852 2801 religionis
885 2749 1104 2803 premisse
1137 2764 1308 2807 suoque
1340 2752 1549 2795 ministro
1574 2754 1682 2795 dicti
1704 2755 1895 2810 profuge

274 2828 448 2869 parere,
482 2819 531 2857 ut
562 2816 824 2871 predicitur,
857 2819 1066 2874 nequiter
1099 2823 1414 2864 contradicunt
1445 2857 1452 2864 .
1483 2857 1490 2864 .
1521 2857 1529 2864 .
1592 2824 1697 2866 Dat.
1732 2826 1894 2867 Valen-

274 2885 340 2927 cie
371 2886 450 2927 ΙΠ.
486 2886 586 2929 idus
618 2888 854 2930 Februarii
888 2902 1004 2932 anno
1038 2891 1209 2933 domini
1242 2891 1556 2936 M0CGG⁰XHL

414 2991 496 3035 Reg.
524 2992 590 3026 337
617 2992 644 3026 f.
672 2993 756 3027 336:
783 2993 885 3027 Auch
909 2994 988 3028 dem
1007 2994 1279 3041 Ordensgeneral
1307 3000 1491 3032 antwortet
1515 2999 1623 3033 Jakob
1641 3003 1745 3034 unter
1761 3000 1892 3034 selbem

272 3048 412 3084 Datum.
464 3051 535 3084 Der
571 3051 671 3085 Brief
701 3051 882 3086 desselben
915 3063 986 3087 war
1017 3053 1089 3087 ihm
1122 3065 1189 3089 von
1222 3057 1266 3092 fr.
1302 3057 1454 3091 Romeus
1480 3057 1599 3092 Orticii
1631 3059 1790 3092 minister
1820 3059 1890 3095 ord.
