2296 3512
1111 295 1426 335 —612—

458 427 728 470 Pisanorum
770 424 859 476 ille,
907 423 985 480 qui
1033 423 1241 465 continue
1272 435 1450 464 moram
1483 420 1624 462 trahit
1655 420 1702 462 in
1735 420 1859 463 curia
1892 423 1936 462 et
1968 419 2082 461 dixit

460 497 561 549 sibi,
608 496 832 552 quomodo
881 494 926 536 in
973 494 1103 536 Nicia
1151 493 1434 549 applicuerat
1488 491 1672 547 quidam
1719 491 1835 534 alius
1883 489 2081 533 sindicus

460 568 745 619 Pisanorum,
800 565 876 621 qui
928 564 1104 607 noviter
1157 564 1482 620 expectabatur
1533 575 1615 617 per
1667 575 1742 605 eos
1795 575 1896 604 cum
1948 560 2082 616 pleno

460 639 676 681 mandato
710 635 938 678 tractandi
970 649 1070 678 cum
1103 635 1231 691 regia
1261 636 1528 689 magestate.
1591 632 1649 674 Et
1681 635 1749 676 est
1771 631 1915 674 frater
1937 631 2083 673 cuius-

459 710 581 761 dam,
616 708 692 763 qui
724 707 841 763 regit
874 709 1018 748 totam
1047 705 1277 748 civitatem
1311 707 1354 746 et
1387 707 1455 746 est
1480 703 1732 759 principale
1754 705 1892 759 caput
1912 700 2082 758 populi.

457 779 552 831 <Qui
584 793 683 820 cum
715 778 805 820 ista
836 777 1067 833 predictus
1100 776 1299 819 sindicus
1332 776 1543 816 narraret
1569 773 1728 826 amico,
1756 774 1869 816 dixit
1892 773 2082 815 amicus:

463 851 578 892 Vere
619 849 813 891 multum
854 847 1128 899 dubitamus,
1170 847 1289 902 quod
1330 845 1416 888 iste
1456 843 1663 887 dominus
1695 847 1850 887 noster
1881 857 1971 886 non
2002 843 2084 885 im-

462 920 616 977 pediat
661 920 799 961 istam
846 920 1050 961 nostram
1099 916 1387 959 concordiam
1435 918 1480 957 et
1525 914 1674 967 etiam,
1717 916 1838 970 quod
1876 927 1958 956 nos
1996 926 2086 955 non

460 992 706 1034 debeamus
744 1003 825 1032 nos
863 988 1180 1031 intromittere.
1246 985 1329 1029 Cui
1374 986 1488 1028 dixit
1531 985 1750 1028 sindicus:
1795 985 1910 1037 Non,
1954 987 2087 1040 pater

462 1062 719 1113 reverende,
762 1074 852 1102 non
895 1061 962 1101 est
1002 1059 1087 1102 hoc
1128 1058 1398 1109 faciendum,
1431 1070 1513 1099 nec
1545 1056 1693 1107 credO,
1726 1057 1847 1111 quod
1879 1055 2086 1098 dominus

460 1136 619 1176 noster
650 1133 733 1174 hoc
761 1130 994 1186 impediat,
1027 1130 1241 1185 precipue
1275 1142 1375 1170 cum
1411 1127 1557 1169 dictus
1590 1127 1789 1170 sindicus
1812 1126 2002 1168 mitatur
2029 1126 2087 1168 ad

462 1217 545 1246 vos
586 1217 668 1259 per
709 1215 897 1244 comune
928 1201 1139 1243 Pisarum
1183 1201 1239 1241 ad
1280 1198 1570 1241 tractandum
1612 1197 1839 1239 mediante
1870 1197 2000 1239 vobis
2034 1197 2088 1238 de

463 1275 588 1317 dicta
630 1272 881 1316 concordia.
946 1270 1091 1323 Certe,
1139 1271 1253 1312 dixit
1299 1269 1484 1322 amicus,
1529 1269 1635 1311 dum
1680 1268 1813 1310 modo
1857 1267 1954 1323 ipse
1998 1280 2089 1309 non

465 1344 683 1401 impediat
729 1357 826 1396 nos,
875 1357 976 1385 cum
1031 1341 1257 1384 adiutorio
1320 1340 1405 1382 Dei
1461 1339 1736 1382 confidentes
1784 1339 1837 1380 de
1885 1338 2089 1380 bonitate

462 1416 592 1472 regia
639 1414 863 1457 credimus
911 1416 955 1456 et
1002 1426 1239 1468 speramus
1287 1411 1468 1454 omnino
1521 1423 1602 1453 vos
1659 1410 1946 1461 concordare,
2002 1406 2090 1450 nisi

462 1488 697 1530 remaneat
731 1499 784 1527 ex
816 1483 1167 1540 indisposicione
1204 1485 1371 1525 vestra.
1434 1482 1492 1523 Et
1523 1481 1754 1523 videretur
1785 1479 1929 1531 nobis,
1969 1479 2090 1535 quod

465 1571 546 1600 vos
581 1556 804 1599 deberetis
837 1556 927 1598 ista
959 1558 1145 1609 tangere
1180 1553 1363 1595 domino
1386 1555 1557 1604 nostro,
1582 1552 1702 1607 quod
1725 1551 1984 1593 dubitamus
2007 1562 2089 1592 nos

466 1629 753 1684 interponere
797 1627 843 1668 in
886 1626 988 1668 istis
1033 1625 1321 1675 tractatibus,
1362 1624 1593 1665 credentes
1636 1622 1722 1665 sibi
1769 1621 2019 1677 displicere,
2052 1619 2092 1663 si

463 1701 551 1741 hoc
584 1700 834 1740 faceremus
868 1697 963 1740 sine
998 1708 1215 1752 expressa
1246 1694 1480 1737 voluntate
1513 1693 1596 1736 sui.

606 1780 695 1833 Qui
736 1781 965 1836 predictus
1008 1779 1207 1821 sindicus
1249 1777 1405 1820 statim
1444 1777 1600 1818 eadem
1634 1775 1704 1817 die
1736 1777 1840 1830 post
1871 1786 2086 1829 vesperos

463 1853 656 1895 intravit
689 1853 745 1894 ad
778 1851 1010 1894 dominum
1043 1852 1249 1892 nostrum
1284 1851 1326 1890 et
1359 1847 1476 1891 sicut
1507 1846 1597 1899 ille,
1626 1846 1703 1901 qui
1728 1846 1884 1897 intrat,
1910 1844 2090 1899 quando

468 1924 565 1965 vult
606 1926 648 1964 et
686 1922 899 1978 quociens
931 1921 1040 1973 vult,
1075 1920 1161 1962 fuit
1193 1919 1347 1962 statim
1381 1918 1666 1960 introductus
1700 1918 1757 1958 ad
1788 1929 1970 1971 papam.
2032 1915 2092 1957 Et

466 1994 636 2050 incepit
668 1993 813 2036 dicere
861 1992 960 2045 sibi,
1010 2005 1097 2047 quo
1142 1991 1276 2033 modo
1323 1989 1483 2031 civitas
1532 2001 1687 2030 eorum
1733 1990 1831 2029 erat
1872 1987 1918 2028 in
1965 1986 2090 2027 mala

470 2064 765 2121 dispositione
807 2066 994 2119 propter
1034 2061 1332 2112 turbationes,
1374 2059 1675 2103 dissentiones
1718 2061 1761 2100 et
1799 2056 2089 2113 suspitiones,

467 2150 556 2192 que
589 2138 718 2177 erant
749 2135 794 2176 in
827 2135 1023 2185 civitate,
1058 2136 1102 2175 et
1133 2131 1327 2174 multum
1361 2134 1458 2172 erat
1490 2130 1748 2185 propinqua
1779 2127 2091 2180 destructioni,

469 2206 558 2249 nisi
603 2220 684 2261 per
729 2205 927 2260 aliquam
972 2205 1094 2246 viam
1137 2204 1346 2245 iuvarent
1391 2214 1450 2244 se.
1513 2201 1630 2242 Nam
1676 2213 1702 2241 a
1744 2199 1902 2255 paucis
1935 2198 2092 2241 diebus

468 2280 587 2320 citra
621 2276 797 2318 fuerant
828 2275 1055 2317 interfecti
1087 2275 1141 2316 de
1173 2273 1422 2316 maioribus
1457 2270 1654 2313 civitatis
1678 2273 1722 2312 et
1744 2283 1899 2312 omnes
1924 2269 2091 2311 milites

471 2350 583 2391 bene
615 2346 734 2399 XIV,
773 2346 838 2388 ita
871 2347 990 2401 quod
1039 2345 1198 2387 civitas
1247 2357 1400 2386 eorum
1450 2345 1548 2384 erat
1590 2341 1636 2384 in
1680 2354 1846 2395 magno
1891 2339 2092 2395 periculo

470 2417 790 2471 destruendi,a)
826 2420 868 2458 et
901 2430 990 2459 non
1022 2416 1170 2459 solum
1202 2414 1399 2456 habebat
1431 2413 1694 2455 intestinam
1726 2412 1917 2467 brigam,
1941 2422 2091 2466 ymmo

474 2488 671 2532 exterius
705 2487 1086 2543 angustiabantur
1117 2499 1206 2528 non
1252 2485 1398 2528 solum
1443 2497 1525 2540 per
1565 2483 1739 2539 regiam
1777 2483 2092 2537 magestatem,

468 2573 624 2617 ymmo
668 2572 749 2615 per
793 2557 1124 2609 Castruchium,
1159 2570 1293 2612 quem
1330 2555 1559 2597 habebant
1598 2567 1782 2609 gravem
1822 2552 2017 2594 vicinum
2051 2553 2094 2593 et

473 2632 650 2673 hostem
684 2642 851 2680 eorum,
881 2632 924 2670 et
955 2628 1128 2670 nullum
1161 2627 1413 2670 subsidium
1439 2639 1519 2667 nec
1554 2625 1827 2667 adiutorium
1862 2624 1916 2665 ab
1941 2622 2092 2677 aliquo

475 2703 731 2758 sperabant,
765 2713 846 2741 nec
880 2699 934 2741 ab
969 2712 1019 2741 eo
1054 2702 1096 2741 et
1129 2712 1235 2754 rege
1267 2698 1479 2748 Roberto,
1512 2696 1558 2737 in
1592 2695 1755 2750 quibus
1789 2697 1934 2735 totam
1966 2705 2092 2747 spem

473 2786 630 2814 eorum
653 2772 949 2821 iactaverant,
977 2770 1150 2811 nullum
1177 2768 1453 2811 adiutorium
1479 2781 1559 2809 nec
1586 2767 1753 2808 bonum
1777 2763 2012 2807 consilium
2037 2763 2092 2805 ab

476 2843 539 2886 eis
561 2843 728 2885 habere
759 2844 1014 2897 potuerant.
1079 2840 1135 2881 Et
1167 2839 1266 2881 ideo
1295 2838 1573 2894 cogebantur
1599 2835 1884 2878 devotionem
1906 2833 2093 2889 regiam,

476 2927 577 2956 cum
611 2913 746 2954 aliam
780 2912 900 2953 viam
932 2910 1221 2953 restaurandi
1248 2923 1294 2952 se
1316 2909 1441 2965 ipsos
1467 2922 1556 2950 non
1579 2907 1809 2957 haberent,
1833 2917 2092 2960 procurare.

473 2985 657 3026 Etcum
691 2982 842 3025 omnia
874 2982 964 3024 ista
997 2981 1199 3032 dixisset,
1233 2979 1468 3035 respondit
1500 2977 1707 3020 dominus
1741 2978 1913 3018 noster:
1948 2972 2093 3027 Certe,

616 3079 644 3119 a)
671 3077 714 3111 So
740 3076 797 3110 Or.
