2296 3512
1085 227 1402 267 —664—

437 358 617 398 servent
651 357 759 396 et..
785 388 793 395 .
817 354 863 396 in
897 354 1017 396 dicta
1049 354 1253 398 clausula
1284 355 1493 397 dominus
1529 367 1653 410 papa
1685 354 1819 397 vilem
1852 369 2052 411 pannum

438 424 548 467 dicit
581 425 741 467 debere
773 424 984 479 intelligi:
1029 425 1106 481 qui
1137 425 1240 468 vilis
1274 424 1524 468 comuniter
1555 424 1780 468 iudicatur
1810 426 1856 467 in
1887 425 2053 481 patria,

437 498 482 537 et
525 496 589 538 sic
621 496 789 537 limitat
827 495 1142 538 comissionem
1174 495 1343 538 factam
1375 495 1563 551 prelatis
1596 496 1650 538 de
1680 496 2054 552 interpretatione

436 566 652 621 predicta.
702 567 769 607 Ex
792 580 880 621 quo
903 565 1164 622 requiritur,
1199 567 1319 622 quod
1341 567 1548 609 subditus
1571 566 1770 608 tunicam
1792 581 1881 609 non
1903 569 2055 623 potest

437 637 639 692 accipere
672 650 753 678 nec
784 639 949 690 tenere,
983 637 1073 681 nisi
1103 637 1163 680 sit
1196 638 1248 680 de
1280 651 1429 693 panno
1457 637 1550 690 vili,
1583 637 1792 680 videlicet
1827 638 1873 679 in
1899 637 2052 693 precio

437 710 481 749 et
522 707 671 750 colore
714 709 958 750 secundum
1002 708 1217 750 iudicium
1262 708 1423 764 patrie.
1497 707 1645 750 Simili
1684 710 1816 751 modo
1857 708 2056 751 contenti

438 778 603 820 erimus
626 778 905 834 paramentis
929 782 972 821 et
995 779 1133 834 al[iis]
1160 778 1476 822 ecclesiasticis
1499 781 1637 834 atque
1658 779 1788 822 libris
1811 778 2055 822 necesariis

437 848 565 900 solis,
606 848 733 890 nulla
773 849 819 890 in
858 849 1075 905 predictis
1117 849 1380 892 curiositate
1422 849 1600 904 quesita
1642 852 1685 891 et
1724 883 1732 890 .
1777 884 1784 891 .
1821 883 1829 891 .
1873 849 2055 892 omnino

437 919 664 975 granariis
698 923 742 961 et
775 919 969 963 cellariis
1000 920 1244 973 humiliter,
1279 921 1399 976 quod
1425 920 1728 962 necessarium
1751 920 1900 972 suerit,
1934 933 2056 961 men-

436 990 601 1032 dicare.
666 989 714 1032 Si
748 993 897 1032 autem
932 991 1120 1043 dicatur,
1155 994 1205 1033 ut
1237 1004 1378 1046 supra
1411 991 1464 1032 de
1499 990 1697 1033 vestibus
1722 990 1900 1044 dicitur,
1935 991 2055 1046 quod

437 1062 490 1103 de
532 1061 759 1116 granariis
803 1065 846 1103 et
888 1061 1082 1104 cellariis
1131 1062 1393 1104 discretioni
1436 1064 1479 1103 et
1509 1060 1876 1116 interpretationi
1908 1060 2055 1115 prela-

436 1134 587 1174 torum
619 1135 828 1187 ponatur,
863 1133 1066 1184 dicimus,
1102 1133 1222 1188 quod
1253 1132 1332 1174 illa
1365 1131 1621 1175 commissio
1656 1135 1724 1174 est
1744 1131 2058 1186 multipliciter

435 1202 645 1244 limitata.
694 1204 809 1244 Nam
856 1203 1002 1259 primo
1049 1217 1138 1245 non
1171 1204 1335 1245 debent
1366 1203 1523 1245 laxare
1559 1204 1615 1245 ad
1652 1202 1880 1258 predictas
1905 1215 2057 1244 cumu-

435 1273 629 1316 lationes
663 1274 732 1315 vel
765 1274 934 1317 similes
966 1273 1196 1316 faciendas
1228 1288 1311 1329 pro
1345 1287 1627 1329 quacumque
1663 1308 1671 1315 .
1703 1308 1711 1315 .
1744 1307 1752 1315 .
1788 1273 2055 1328 suspicione.

438 1342 642 1386 Secundo
677 1346 795 1400 quod
827 1358 916 1387 non
948 1345 994 1386 in
1027 1345 1235 1387 omnibus
1262 1345 1373 1387 locis
1412 1348 1481 1387 set
1501 1345 1547 1387 in
1569 1345 1660 1387 illis
1695 1379 1703 1386 .
1740 1378 1747 1386 .
1783 1378 1791 1385 .
1825 1344 1870 1385 in
1895 1343 2057 1399 quibus

439 1447 450 1458 .
483 1449 491 1456 .
528 1449 535 1456 .
570 1415 716 1470 partis
758 1429 847 1457 non
889 1418 1006 1457 esset
1049 1429 1174 1471 spes,
1219 1417 1338 1471 quod
1379 1419 1564 1471 possent
1604 1415 1901 1457 mendicando
1935 1418 2058 1456 tran-

438 1486 584 1541 sigere
614 1486 752 1527 vitam
776 1499 919 1538 suam,
947 1520 953 1527 .
976 1520 983 1527 .
1007 1520 1014 1527 .
1034 1490 1143 1528 nota
1165 1487 1211 1528 in
1233 1487 1324 1529 illis
1348 1490 1514 1540 tamen,
1537 1500 1627 1528 non
1651 1486 1760 1529 dicit
1780 1486 1827 1527 in
1850 1485 2058 1527 omnibus

478 1590 485 1597 .
517 1591 524 1597 .
558 1560 687 1608 nota,
730 1557 807 1598 ubi
839 1570 926 1598 non
961 1560 1079 1600 esset
1111 1571 1238 1613 spes,
1273 1559 1392 1614 quod
1424 1560 1610 1613 possent
1643 1557 1774 1599 aliter
1806 1556 2060 1611 transigere

440 1627 580 1668 vitam
632 1640 774 1669 suam.
837 1628 937 1669 Non
990 1627 1119 1679 dicit,
1172 1627 1260 1669 nisi
1311 1627 1688 1679 habundaverint,
1740 1626 1828 1669 nisi
1878 1627 2057 1669 thesau-

436 1698 660 1740 rationem
708 1697 915 1750 fecerint,
958 1701 1026 1740 set
1066 1698 1143 1740 ubi
1184 1712 1273 1740 non
1316 1700 1434 1741 esset
1475 1711 1577 1754 spes
1612 1700 1693 1740 010.
1764 1697 1897 1750 Quod
1929 1711 2057 1739 num-

439 1782 575 1824 quam
610 1772 677 1811 est
711 1768 952 1811 verisimile
976 1770 1186 1811 accedere
1209 1782 1342 1825 posse
1364 1769 1409 1810 in
1436 1768 1768 1823 inediculliis(?)
1804 1768 2055 1820 civitatum,

436 1839 482 1880 in
531 1839 693 1894 quibus
742 1839 1054 1882 consuevimus
1105 1854 1282 1882 moram
1335 1840 1620 1891 contrahere,
1673 1853 1754 1881 nec
1802 1839 1929 1891 alibi,
1980 1838 2059 1881 ubi

436 1909 637 1952 fidelium
672 1910 895 1952 habitatio
930 1914 1010 1962 est,
1051 1910 1151 1963 nisi,
1192 1912 1310 1966 quod
1345 1911 1477 1963 absit,
1509 1910 1664 1952 taliter
1695 1910 1981 1952 habundaret
2010 1908 2058 1950 in

438 1981 568 2023 nobis
616 1980 860 2036 iniquitas,
921 1982 1040 2036 quod
1095 1995 1148 2023 ex
1196 1982 1280 2024 hoc
1326 1981 1496 2024 caritas
1542 1981 1857 2036 refrigesceret
1900 1979 2060 2036 populi

439 2051 686 2094 christiani.
764 2052 956 2107 Insuper
1004 2052 1068 2094 510
1116 2065 1212 2095 0550
1245 2052 1521 2094 intendimus
1558 2052 1605 2094 in
1638 2052 1769 2105 locis,
1815 2051 1861 2093 in
1895 2050 2058 2106 quibus

438 2122 794 2165 habitaverimus
840 2122 1070 2179 peregrini
1118 2126 1161 2165 et
1209 2124 1398 2175 advene,
1461 2123 1581 2179 quod
1628 2136 1824 2178 semper,
1878 2122 2058 2178 quando

442 2193 624 2234 domino
671 2193 759 2235 loci
790 2193 1033 2249 placuerit,
1082 2194 1177 2237 sine
1211 2194 1495 2236 contentione
1529 2194 1682 2249 aliqua
1714 2194 1784 2235 vel
1816 2192 2060 2235 rebellione

438 2263 578 2305 libere
631 2277 713 2306 nos
767 2264 988 2319 expellere
1040 2264 1224 2321 posssit.
1307 2265 1421 2306 Item
1463 2265 1655 2307 vendere
1695 2264 1766 2306 vel
1811 2277 1957 2306 emere
1990 2262 2060 2304 vel

440 2335 705 2377 contrahere
738 2335 890 2377 debita
922 2349 1011 2377 non
1044 2335 1252 2378 convenit
1283 2335 1551 2391 perfectioni
1583 2334 1759 2391 prefate
1783 2335 1861 2378 sed
1886 2333 2060 2377 inducit

439 2405 632 2447 mortale
678 2408 913 2461 peccatum
962 2409 1005 2448 et
1046 2407 1157 2449 adeo
1204 2420 1230 2448 a
1268 2406 1438 2449 talibus
1474 2406 1640 2449 erimus
1672 2405 1877 2448 totaliter
1910 2404 2056 2446 alieni.

438 2475 553 2517 Item
587 2476 818 2531 [accipere]
861 2477 1064 2520 redditus
1104 2490 1278 2520 annuos
1309 2477 1381 2518 vel
1412 2479 1659 2533 proventus
1692 2476 1763 2518 vel
1797 2489 1955 2518 census
1991 2473 2060 2516 vel

441 2546 684 2589 annuarias
709 2547 976 2591 elemosinas
1009 2548 1080 2590 vel
1101 2548 1255 2604 legata
1286 2551 1508 2603 perpetua
1541 2550 1609 2590 est
1641 2547 1920 2590 contrarium
1952 2547 2058 2588 voto

439 2617 594 2671 regule
640 2621 811 2670 nostre,
865 2621 1053 2673 propter
1104 2619 1224 2674 quod
1271 2621 1314 2660 et
1354 2618 1506 2673 ta[le‘?]
1549 2631 1576 2660 a
1606 2618 1737 2661 nobis
1768 2631 1850 2673 per
1882 2630 2059 2658 omnem

440 2688 623 2730 modum
646 2701 859 2743 separare
876 2688 1165 2731 intendimus.
1208 2689 1400 2745 Insuper
1421 2702 1502 2731 nec
1525 2689 1578 2730 de
1603 2688 1822 2731 laboricio
1844 2701 2059 2729 manuum

440 2772 522 2800 nec
543 2760 596 2800 de
618 2758 840 2803 fructibus
862 2759 934 2802 vel
960 2760 1159 2803 oleribus
1184 2760 1458 2814 [locorum?],
1490 2759 1537 2801 111
1571 2759 1733 2815 quibus
1765 2758 2059 2810 morabimur,

440 2829 546 2871 licet
571 2829 771 2884 recipere
797 2831 1007 2872 denarios
1034 2830 1105 2872 vel
1131 2830 1394 2886 peccuniam
1415 2830 1487 2872 vel
1509 2829 1847 2886 quomodolibet
1870 2829 2060 2870 vendere

442 2902 511 2943 set
569 2900 714 2942 solum
761 2900 866 2942 licet
915 2901 1173 2943 necessaria
1225 2901 1458 2943 humiliter
1498 2900 1698 2956 recipere
1741 2900 1795 2942 de
1840 2898 2059 2941 laboricio

440 2973 595 3026 preter
635 2970 845 3013 denarios
888 2971 960 3013 vel
996 2971 1259 3026 peccuniam
1296 3006 1303 3013 .
1335 3005 1342 3012 .
1373 3005 1380 3012 .
1417 2974 1460 3014 et
1490 2984 1573 3013 nos
1605 2969 1846 3025 diligenter
1878 2982 2060 3012 servare
