2296 3512
907 287 1222 327 —721—

252 405 358 448 liter
387 407 434 449 in
465 408 552 451 hiis
585 411 784 465 negociis
819 426 871 453 ex
895 416 1088 468 utraque
1109 420 1252 470 parte.
1317 420 1404 461 Pro
1430 434 1518 476 quo
1545 422 1700 465 labore
1729 425 1873 467 altera

251 490 372 532 pars,
406 478 578 521 scilicet
611 480 820 524 dominus
852 496 932 524 rex
962 483 1225 529 Fredericus
1260 488 1369 531 bene
1404 491 1516 534 satis
1539 492 1708 535 fecerat
1741 496 1871 538 nobis

251 547 496 590 dimitendo
540 549 708 592 dictam
750 555 974 594 armatam
1021 556 1078 596 ad
1120 558 1466 612 suplicationem
1513 566 1556 604 et
1604 564 1869 608 instantiam

250 621 451 660 nostram
487 623 530 661 et
562 633 644 674 pro
677 621 847 664 honore
878 627 1043 667 vestro.
1106 626 1166 668 Et
1198 628 1262 669 sic
1293 630 1629 685 suplicabamus
1664 636 1716 687 ei,
1750 638 1870 691 quod

249 688 431 730 deberet
472 689 609 731 simili
648 693 781 734 modo
822 693 934 735 satis
970 693 1115 737 facere
1147 696 1294 740 labori
1326 704 1482 743 nostro
1515 703 1687 747 scilicet
1720 707 1867 749 dando

247 759 303 799 ob
327 771 510 801 onorem
533 761 703 803 domini
726 764 845 818 regis
865 766 1093 820 Aragonie
1121 770 1164 808 et
1181 769 1325 810 nostri
1347 773 1584 826 treuguam
1605 777 1867 819 convenien—

246 831 334 870 tem
368 842 450 884 per
481 830 662 886 aliquod
697 835 876 889 tempus
904 835 1132 880 sufficiens
1165 838 1285 880 infra
1308 842 1427 895 quod
1457 846 1635 899 tempus
1660 848 1866 891 dominus

244 912 364 955 papa
397 903 440 942 et
462 902 670 946 dominus
697 918 777 946 rex
798 906 1064 961 Aragonum
1093 913 1136 950 et
1159 923 1240 952 nos
1265 913 1308 952 et
1333 911 1413 964 illi,
1439 927 1551 968 quos
1587 915 1675 971 ipsi
1699 918 1866 961 vellent

245 969 490 1026 assignare,
536 985 618 1027 pro
661 987 708 1016 se
747 980 933 1030 possent
960 980 1160 1020 tractare
1195 980 1372 1036 aliquas
1406 983 1548 1026 bonas
1582 985 1680 1029 vias
1715 990 1862 1043 pacis3

244 1043 287 1082 01
309 1041 517 1084 ordinare
542 1046 585 1085 01
610 1057 856 1099 procurare
879 1047 1021 1090 vistas
1039 1063 1177 1106 super
1194 1051 1290 1104 1100,
1307 1052 1346 1095 31
1365 1057 1484 1097 03301
1501 1069 1696 1099 11000330.
1733 1060 1788 1101 Ε1
1809 1062 1864 1102 ad

241 1111 542 1155 inducendum
573 1115 733 1158 melius
763 1118 819 1158 ad
846 1118 931 1160 hoc
961 1133 1113 1174 regem
1136 1122 1384 1165 Robertum
1409 1125 1606 1169 diximus
1632 1128 1671 1169 ei
1697 1129 1740 1170 in
1766 1143 1863 1184 pre-

241 1182 392 1224 sencia
434 1184 592 1227 fratris
640 1187 795 1229 Poncii
828 1187 1087 1233 Carbonelli
1125 1193 1269 1234 multa
1303 1194 1393 1237 alia
1426 1197 1567 1238 verba
1599 1199 1727 1241 utilia
1761 1214 1863 1243 con-

240 1252 435 1295 tinencia
469 1255 718 1309 veritatem,
759 1272 844 1313 que
881 1261 1109 1314 prolixum
1142 1266 1305 1319 033010)
1347 1266 1557 1309 scribere.
1622 1270 1746 1312 Inter
1778 1285 1862 1326 que

239 1323 435 1367 diximus
483 1326 542 1378 ei,
605 1329 724 1382 quod
771 1343 860 1372 non
909 1335 1028 1374 esset
1076 1334 1349 1378 carestiosus
1403 1337 1449 1378 in
1499 1339 1646 1381 dando
1691 1341 1861 1384 dictam

237 1396 490 1449 treuguam,
525 1397 631 1452 quia
653 1402 826 1441 certum
848 1400 1126 1446 faciebamus
1150 1418 1265 1457 eum,
1291 1408 1410 1462 quod
1436 1422 1623 1463 parvam
1646 1425 1860 1466 guerram

236 1468 390 1518 posset
420 1466 569 1509 facere
616 1469 700 1511 hoc
734 1484 850 1514 anno
884 1472 929 1514 in
963 1472 1117 1516 Sicilia
1157 1489 1238 1530 per
1268 1491 1407 1530 mare,
1451 1480 1556 1534 quia
1598 1482 1696 1535 hoc,
1741 1485 1859 1537 quod

235 1548 315 1576 rex
359 1537 622 1582 Fredericus
664 1554 753 1582 non
796 1545 1070 1597 expenderat
1110 1546 1194 1588 hoc
1234 1560 1349 1590 anno
1394 1549 1439 1591 in
1474 1554 1665 1605 armata,
1710 1556 1856 1597 totum

233 1605 496 1649 intendebat
535 1612 784 1665 expendere
827 1616 871 1654 et
907 1615 1140 1670 duplicare
1173 1617 1217 1659 in
1250 1621 1455 1673 sequenti
1490 1635 1620 1665 anno.
1693 1624 1858 1667 Octua-

233 1676 361 1731 ginta
399 1679 515 1721 enim
549 1681 703 1735 galeas
738 1683 847 1725 bene
879 1689 1067 1739 paratas
1099 1686 1362 1732 intendebat
1394 1696 1618 1745 oportuno
1651 1698 1854 1749 tempore

232 1760 399 1801 ponere
431 1749 476 1791 in
509 1752 626 1793 mari
657 1752 824 1806 taliter,
871 1757 989 1810 quod
1022 1757 1118 1800 sine
1150 1773 1316 1815 magno
1352 1762 1546 1817 dampno
1581 1768 1625 1806 et
1657 1766 1855 1820 periculo

233 1817 380 1862 dictus
427 1834 506 1862 rex
539 1822 764 1866 Robertus
812 1839 901 1867 non
949 1832 1102 1881 posset
1149 1829 1233 1872 hoc
1273 1844 1389 1875 anno
1424 1846 1615 1887 armare,
1651 1850 1700 1878 eo
1735 1838 1855 1890 quod

230 1888 316 1931 iste
347 1890 609 1934 intendebat
642 1898 850 1948 potenter
871 1911 1148 1953 preocupare
1170 1915 1308 1949 mare,
1344 1905 1462 1958 quod
1485 1909 1665 1958 poterat
1688 1907 1849 1951 melius

231 1958 379 2002 facere
421 1976 555 2017 quam
598 1965 708 2019 ipse,
749 1967 855 2022 quia
888 1968 973 2011 hoc
1006 1984 1122 2013 anno
1156 1986 1244 2014 non
1278 1979 1550 2018 armaverat.
1614 1976 1701 2029 Qui
1735 1979 1852 2021 enim

231 2034 365 2072 antea
397 2033 614 2087 dearmat,
664 2041 797 2079 antea
845 2042 1005 2081 armat.
1084 2041 1144 2083 Et
1188 2043 1309 2085 circa
1353 2044 1490 2087 istam
1535 2048 1774 2091 materiam
1809 2054 1852 2092 et

231 2101 345 2144 alias
388 2103 582 2148 diximus
616 2106 655 2148 ei
687 2108 831 2151 multa
864 2111 1000 2152 verba
1033 2111 1277 2166 inductiva,
1312 2117 1504 2170 quedam
1538 2119 1711 2171 mellea,
1746 2134 1850 2175 que-

230 2172 333 2214 dam
366 2172 512 2226 fellea,
556 2177 661 2231 quia
693 2178 738 2220 in
771 2180 940 2223 talibus
973 2184 1246 2228 tractatibus
1280 2186 1345 2229 sic
1377 2187 1475 2229 fieri
1509 2190 1729 2233 convenit.
1792 2193 1850 2234 Et

230 2243 374 2286 dictus
433 2246 640 2290 dominus
698 2263 777 2291 rex
830 2251 1054 2297 Robertus
1108 2256 1296 2311 recepit,
1367 2258 1584 2313 quidquid
1637 2261 1847 2314 diximus,

227 2314 418 2356 multum
478 2317 588 2359 bene
643 2323 686 2361 et
732 2322 924 2364 multum
972 2325 1203 2378 pacienter
1249 2326 1455 2372 faciendo
1503 2331 1633 2374 nobis
1681 2333 1847 2377 multos

227 2386 450 2429 notabiles
473 2387 678 2433 honores.
734 2392 791 2433 Et
815 2393 946 2437 dictis
971 2408 997 2436 a
1019 2396 1149 2439 nobis
1174 2411 1310 2452 super
1334 2400 1456 2455 [h]ac
1477 2403 1670 2444 materia
1692 2405 1846 2446 multis

226 2456 376 2498 verbis
410 2470 488 2511 per
519 2460 701 2502 modum
736 2462 990 2508 collationis
1022 2466 1221 2510 finaliter
1257 2470 1443 2513 retinuit
1475 2472 1845 2517 deliberationem

225 2538 361 2580 super
393 2530 697 2583 responsione,
733 2545 868 2586 quam
900 2535 1007 2578 fecit
1038 2539 1168 2582 nobis
1201 2541 1312 2582 bene
1345 2543 1402 2583 ad
1436 2542 1544 2585 VIII
1570 2544 1677 2587 dies.

364 2622 459 2665 Ista
507 2626 574 2665 est
611 2624 653 2666 in
698 2627 955 2670 substantia
995 2634 1230 2687 responsio
1275 2635 1396 2690 regis
1429 2637 1629 2690 Roberti,
1673 2639 1843 2682 scilicet

223 2692 341 2744 quod
374 2691 470 2746 ipse
503 2694 625 2737 nullo
658 2697 791 2739 modo
825 2697 1086 2743 intendebat
1119 2704 1228 2746 dare
1260 2705 1399 2747 ullam
1432 2710 1670 2764 treuguam
1698 2712 1754 2752 ad
1776 2711 1841 2752 in-

223 2762 438 2804 stantiam
472 2766 618 2807 nostri
649 2766 718 2808 vel
753 2767 941 2812 alicuius
974 2784 1176 2825 persone,
1211 2777 1409 2829 quandiu
1441 2784 1696 2822 remaneret
1727 2781 1841 2823 iniu-

221 2831 366 2876 riatus
399 2834 452 2875 de
483 2834 593 2878 locis
628 2834 851 2890 Calabrie,
886 2854 966 2881 1100
998 2841 1260 2887 intendebat
1292 2848 1544 2891 consentire
1575 2850 1621 2891 in
1645 2851 1838 2906 aliquem

220 2905 467 2946 tractatum
511 2908 700 2963 treugue
745 2909 813 2950 vel
859 2911 984 2964 pacis
1034 2917 1111 2955 aut
1158 2915 1394 2969 vistarum,
1443 2931 1557 2972 quas
1604 2935 1721 2976 papa
1768 2922 1838 2964 vel

219 2986 299 3015 rex
349 2975 579 3031 Aragonie
646 2978 872 3033 iecerunt,
953 2995 1185 3039 quousque
1238 2991 1355 3029 esset
1407 2988 1493 3031 sibi
1550 2992 1836 3034 satisfactum

363 3057 391 3099 C)
418 3067 493 3091 esse
520 3058 576 3092 Or.

358 3138 490 3173 Finke,
513 3141 585 3167 Acta
605 3142 812 3175 Aragonensia.
1649 3143 1694 3177 46
