2296 3512
1135 303 1184 307 --
1250 279 1334 320 820
1398 303 1449 307 —

481 409 558 449 tus
589 406 774 458 amicus,
814 406 931 460 quod
963 406 1166 461 predicta
1193 420 1271 448 nec
1309 406 1476 449 similia
1505 406 1650 448 dictus
1675 407 1881 449 dominus
1916 407 2101 448 auderet

482 479 759 532 attemptare
792 480 849 529 et,
883 477 1001 530 quod
1033 476 1181 519 minus
1216 481 1295 518 est.
1330 476 1587 532 sompniare
1621 477 1665 518 in
1693 477 1865 532 regn[is
1893 477 2100 531 Frane]ie

482 562 563 589 nec
596 547 772 602 Anglie.

625 617 833 659 Predicta
882 617 1053 658 amicus
1091 617 1199 659 dicit
1242 621 1284 659 et
1322 617 1515 660 consulit
1559 617 1654 659 zelo
1692 617 1816 672 regio
1862 621 1905 659 et
1943 618 2101 659 domus

483 692 645 731 vestre.
669 688 1025 743 Verumptamen
1043 687 1367 742 benignitatem
1386 691 1585 730 vestram
1603 691 1749 743 rogat,
1761 688 1942 741 quod,si
1956 688 2001 729 in
2022 688 2101 729 ali-

484 772 572 814 quo
598 759 650 801 de
673 758 888 814 predictis
911 758 1162 813 displiceat,
1197 758 1375 801 bonitas
1408 759 1533 814 regia
1566 758 1810 814 indulgeat.
1860 758 1959 800 Hoc
1984 758 2101 800 enim

485 830 607 882 dicit,
642 829 746 884 quia
780 828 968 871 consilia
991 841 1073 870 sua
1099 842 1260 884 parum
1283 829 1576 882 requiruntur
1598 832 1641 871 et
1667 829 1815 871 minus
1839 832 2099 884 exequntur.

483 900 840 955 Verumptamen
863 912 1041 954 semper
1067 899 1294 954 supponit,
1318 901 1437 953 quod
1459 900 1704 955 prudencia
1726 900 1853 955 regia
1875 900 1935 942 sit
1960 902 2101 950 tanta,

486 972 607 1026 quod
638 971 684 1012 in
707 970 807 1013 istis
832 972 875 1012 et
898 969 999 1012 aliis
1021 970 1168 1025 magis
1193 984 1327 1024 quam
1344 970 1441 1025 ipse
1467 970 1675 1012 sollerter
1699 974 1887 1012 avertat.
1942 970 2103 1013 Gracie

485 1041 608 1097 regie
640 1055 710 1083 me
744 1041 1020 1082 commendo.

627 1122 716 1158 CRD
745 1122 810 1157 ῖΟῖ)
836 1133 862 1156 s.
890 1123 914 1158 s.
956 1122 1028 1156 Auf
1055 1122 1133 1156 dem
1160 1122 1302 1156 Rucken
1329 1132 1397 1156 von
1415 1121 1670 1156 Kanzleihand:
1697 1122 1809 1166 Super
1834 1123 1970 1166 negotio
1997 1122 2103 1156 comi-

481 1183 577 1216 tatus
602 1182 833 1225 lmpuriarum
860 1183 895 1215 et
919 1180 1059 1215 consilio
1086 1180 1268 1215 cardinalis
1294 1180 1533 1224 Neapoleonis.

486 1325 584 1366 510.
620 1323 818 1366 Bisehof
844 1323 906 1365 fr.
928 1322 1077 1366 Guido
1100 1335 1188 1365 von
1211 1323 1432 1365 Mallorea
1453 1323 1546 1365 und
1570 1322 1886 1366 Archidiakon
1909 1323 2105 1365 Michael

485 1394 542 1436 de
557 1393 742 1437 Corallo
766 1405 852 1436 von
866 1395 1046 1436 Daroea
1069 1407 1126 1435 an
1139 1395 1169 1437 J
1172 1405 1301 1449 ayme
1315 1395 1402 1436 II.:
1425 1394 1676 1436 Nachricht
1698 1406 1802 1435 vom
1821 1394 2105 1447 gl'anzenden

484 1463 623 1518 Siege
655 1466 704 1506 in
737 1464 998 1508 Sardinien.
1060 1465 1217 1518 Lange
1249 1463 1625 1517 Eriirterungen,
1671 1466 1728 1506 ob
1774 1466 1842 1507 sie
1886 1464 1961 1506 die
2001 1476 2104 1507 vom

485 1536 659 1589 Papste
701 1536 933 1589 gegebene
978 1534 1366 1589 Generaldispens
1406 1535 1492 1577 fiir
1523 1534 1679 1588 Kiinig
1719 1536 1880 1590 Jayme
1910 1536 1977 1577 II.
2017 1547 2106 1577 von

487 1606 708 1648 Mallorca
748 1605 840 1647 und
881 1605 1094 1648 Infantin
1126 1606 1390 1648 Konstanze
1431 1606 1689 1648 annehmen
1730 1606 1843 1648 oder
1883 1606 1967 1648 auf
1995 1606 2105 1648 Aus-

477 1676 696 1729 .stellung
717 1678 847 1718 einer
869 1675 1252 1731 Spezialdispens,
1284 1676 1360 1718 die
1392 1676 1417 1718 f
1420 1678 1478 1718 i'u·
1500 1677 1709 1719 sicherer
1731 1677 1953 1730 gehalten
1974 1676 2105 1729 winl,

712 1747 911 1800 dringen
944 1748 1108 1789 sollen.
1171 1748 1383 1801 Avignon
1416 1747 1577 1803 (1326)
1609 1748 1786 1791 Januar
1818 1747 1888 1789 25.

633 1874 641 1881 .
677 1875 684 1882 .
720 1874 728 1882 .
762 1842 813 1883 In
847 1841 916 1883 die
950 1841 1095 1883 sancti
1128 1841 1351 1883 Vincentii
1377 1841 1446 1883 hic
1475 1841 1723 1896 recepimus
1758 1841 1934 1883 litteras
1964 1841 2107 1883 incliti

481 1911 659 1953 domini
703 1912 889 1954 infantis
934 1912 1113 1954 Alfonsi
1158 1912 1449 1968 primogeniti
1496 1912 1635 1954 vestri
1682 1926 1763 1967 per
1807 1910 2106 1954 Cathalanum

488 1984 741 2037 portarium
774 1997 903 2024 suum
937 1983 989 2024 de
1023 1982 1223 2037 gloriosa
1255 1983 1458 2034 victoria,
1495 1996 1630 2038 quam
1664 1982 1790 2024 vobis
1831 1982 1952 2024 dedit
1985 1983 2106 2025 Deus

488 2052 535 2094 in
555 2052 762 2095 Sardinia
787 2054 839 2095 de
863 2052 1055 2095 inimicis
1084 2053 1261 2104 vestris,
1287 2054 1405 2108 quod
1428 2066 1517 2094 non
1540 2053 1764 2095 modicum
1789 2054 1924 2095 corda
1951 2056 2107 2095 nostra

490 2122 755 2175 letifficavit,
802 2123 1045 2166 exultando
1088 2124 1133 2165 111
1179 2123 1373 2171 domino,
1419 2128 1652 2179 sperantes
1696 2123 1742 2165 in
1784 2137 1848 2176 eo,
1892 2125 2010 2179 quod
2042 2124 2108 2165 in-

490 2198 718 2235 crementa
751 2193 937 2235 victorie
971 2194 1153 2249 augebit
1186 2198 1531 2250 prosternetque
1563 2194 1767 2236 inimicos
1800 2208 1849 2236 ac
1874 2195 2108 2236 concludet

491 2263 537 2305 in
575 2277 734 2306 manus
772 2269 949 2306 vestras
984 2268 1341 2320 occupatumque
1391 2269 1590 2307 castrum
1623 2263 1775 2307 Calari
1822 2264 2018 2306 indebite
2052 2265 2108 2306 ad

482 2337 692 2376 ‘vestrum
734 2334 902 2376 iustum
946 2335 1192 2376 dominium
1233 2336 1428 2388 reducet,
1473 2348 1554 2390 pro
1596 2335 1724 2377 vobis
1765 2334 1945 2377 iusticia
1978 2335 2108 2376 dimi-

482 2408 634 2446 cante.
698 2405 754 2446 Et
801 2415 933 2456 certe,
984 2405 1099 2447 sicut
1146 2406 1427 2447 continencia
1480 2406 1736 2448 litterarum
1790 2405 1896 2447 dicti
1940 2406 2109 2447 domini

492 2474 680 2517 infantis
713 2488 793 2517 nos
826 2475 1007 2518 letiores
1040 2476 1248 2528 reddidit,
1283 2477 1347 2518 sic
1379 2490 1459 2531 per
1481 2490 1561 2518 nos
1596 2476 1825 2531 publicata
1859 2476 2033 2531 aliquos
2062 2476 2108 2517 in

491 2545 703 2597 leticiam,
752 2545 864 2587 alios
912 2545 957 2587 in
1006 2546 1255 2588 mesticiam
1303 2547 1580 2602 provocavit.
1649 2547 1732 2588 Die
1780 2560 1884 2588 vero
1932 2547 2107 2589 veneris

496 2615 701 2671 sequenti
733 2615 986 2670 ingressum
1020 2617 1258 2659 habuimus
1293 2618 1349 2659 ad
1383 2618 1612 2659 dominum
1644 2622 1850 2659 nostrum
1873 2631 2037 2672 papam
2066 2620 2108 2658 et

494 2686 660 2729 ibidem
694 2685 768 2727 diu
801 2700 901 2728 cum
935 2700 985 2727 eo
1019 2686 1184 2729 fuimus
1218 2701 1269 2729 ac
1301 2688 1501 2730 litteram
1533 2688 1662 2729 nobis
1695 2688 1880 2729 missam
1912 2701 1993 2742 per
2018 2687 2107 2729 dic-

494 2760 590 2799 tum
632 2757 862 2798 dominum
902 2757 1119 2798 infantem
1159 2758 1245 2800 sibi
1278 2758 1497 2813 complete
1530 2758 1734 2814 legimus,
1767 2759 2108 2813 ingressumque

497 2828 605 2869 dare
637 2826 823 2869 fecimus
856 2827 1058 2883 predicto
1091 2829 1308 2882 portario,
1344 2829 1419 2883 qui
1452 2828 1539 2871 sibi
1570 2828 1769 2870 litteram
1802 2827 1909 2869 dicti
1941 2827 2109 2869 domini

495 2897 683 2939 infantis
727 2898 1019 2953 presentavit,
1066 2904 1107 2940 et
1153 2899 1307 2941 audita
1352 2899 1555 2954 predicta
1600 2899 1789 2941 victoria
1830 2912 1876 2939 se
1918 2898 2108 2939 multum

493 2966 635 3009 letum
683 2969 736 3010 de
785 2982 835 3011 ea
883 2968 1098 3010 ostendit:
1145 2982 1364 3021 asserens,
1414 2971 1533 3024 quod
1580 2970 1668 3010 cito
1713 2969 1936 3010 habebitis
1976 2969 2108 3010 dante

488 3038 677 3080 domino
712 3043 911 3081 castrum
944 3037 1097 3081 Calari
1130 3053 1179 3080 ac
1213 3052 1292 3081 vos
1327 3040 1535 3094 deinceps
1568 3040 1697 3094 plene
1731 3052 1868 3094 regno
1903 3038 2108 3081 Sardinie
