2296 3512
974 249 1285 290 —891—

324 377 774 430 digungsschreiben
820 388 875 418 zu
922 376 1094 419 semlen
1140 377 1235 418 und
1273 377 1449 420 Arnald
1504 377 1636 420 nicht
1685 378 1820 420 mehr
1878 378 1946 420 als

394 446 679 489 Familiaren
711 446 985 489 anzusehen.
1048 448 1306 490 Barcelona
1340 447 1458 490 1310
1493 447 1766 502 September
1797 448 1867 490 24,

466 562 473 569 .
500 562 508 569 .
535 562 542 569 .
578 528 796 582 Habit01)
832 542 932 570 cum
965 529 1295 571 deliberacione
1329 530 1515 572 consilio
1556 529 1737 573 domino
1771 544 1945 573 summo

323 598 527 654 pontifici
572 601 616 639 et
657 597 926 653 quibusdam
972 599 1166 641 dominis
1219 599 1526 643 cardinalibus
1575 600 1731 642 amicis
1778 601 1947 644 nostris

323 682 460 724 super
491 668 577 710 hiis
611 669 858 711 direximus
898 669 1113 724 specialia
1156 670 1325 726 scripta
1359 674 1528 722 nostra,
1573 675 1622 713 ut
1657 672 1719 714 eis
1754 673 1806 713 de
1839 672 1948 714 dicti

323 739 533 795 magistri
559 742 654 781 tam
687 739 925 794 nephando
948 740 1183 782 mendacio
1218 740 1384 783 clarius
1412 744 1455 783 et
1476 741 1652 797 plenius
1680 742 1954 802 innotescat.-

322 809 414 852 Vos
448 813 612 862 autem,
659 810 899 853 karissime
930 810 1086 864 frater,
1132 810 1242 854 visis
1282 814 1325 853 et
1367 811 1608 867 diligenter
1647 813 1947 856 consideratis

322 880 505 936 scriptis
539 881 655 923 dicte
682 881 1013 936 proposicionis
1037 895 1190 923 coram
1217 882 1348 924 nobis
1375 882 1420 924 in
1443 883 1675 925 obsidione
1708 884 1799 926 iani
1828 883 1948 926 dicta

321 964 403 1006 per
454 951 680 1006 prefatum
735 952 1029 1007 magistrum,
1083 956 1134 994 ut
1186 952 1457 1008 predicitur,
1520 953 1638 996 facte
1692 968 1743 996 ac
1794 954 1948 997 littera

324 1021 595 1077 rescriptiva
626 1022 794 1077 papali,
829 1023 882 1065 de
916 1036 1002 1078 qua
1037 1023 1390 1079 supradiximus,
1431 1038 1484 1066 ac
1516 1025 1700 1080 scriptis
1740 1026 1869 1069 nobis
1902 1025 1948 1067 in

323 1106 375 1134 ea
437 1093 589 1136 missis
650 1093 930 1146 interclusis,
994 1107 1185 1149 quarum
1240 1095 1440 1137 omnium
1493 1095 1767 1137 translatum
1821 1096 1948 1139 vobis

321 1163 545 1207 mittimus
564 1165 644 1206 sub
666 1164 805 1219 sigilli
823 1165 969 1207 nostri
986 1165 1234 1207 munimine
1258 1165 1569 1217 interclusum⁷
1594 1170 1688 1208 tam
1711 1167 1948 1209 scribendo

322 1234 502 1277 domino
536 1248 653 1290 pape
699 1238 742 1276 et
785 1235 1012 1290 aliquibus
1057 1236 1250 1278 dominis
1297 1237 1604 1279 cardinalibus
1653 1251 1788 1292 quam
1835 1237 1948 1280 alias

322 1305 569 1360 expedietis
618 1319 756 1361 super
800 1305 1059 1349 huiusmodi
1097 1307 1298 1362 negocio,
1349 1308 1467 1362 quod
1517 1308 1783 1350 discrecioni
1827 1309 1948 1364 regie

321 1375 550 1418 videbitur
614 1377 839 1431 expedire.
934 1377 1083 1420 Unum
1131 1381 1282 1419 tamen
1347 1378 1545 1420 scribere
1594 1378 1813 1421 obmitere
1861 1393 1949 1421 non

320 1447 532 1499 vidimus,
587 1448 705 1502 quod
753 1447 844 1489 iam
892 1448 937 1490 in
986 1462 1068 1491 nos
1118 1449 1416 1504 sumpsimus,
1466 1451 1599 1505 quod⁷
1649 1449 1754 1505 quia
1803 1450 1948 1492 dictus

320 1518 542 1573 magister
590 1522 747 1560 contra
799 1532 880 1560 nos
930 1522 973 1560 et
1029 1519 1268 1565 credimus,
1326 1521 1446 1575 quod
1493 1524 1652 1562 contra
1706 1535 1800 1571 vos,
1854 1524 1948 1562 tam

322 1589 526 1644 graviter
572 1589 813 1632 manifesto
846 1590 1081 1632 mendacio
1116 1591 1179 1632 sic
1215 1591 1419 1640 excessit,
1461 1591 1820 1633 familiaritatem
1855 1592 1948 1634 eius

319 1659 511 1702 ulterius
546 1660 670 1715 [non]
714 1661 1008 1717 prolongetis.
1085 1662 1142 1703 Et
1177 1661 1290 1703 enim
1339 1662 1381 1704 si
1423 1676 1504 1705 vos
1549 1663 1602 1704 de
1641 1662 1728 1705 hiis
1769 1663 1948 1705 domino

321 1744 499 1773 summo
540 1731 745 1786 pontifici
790 1745 870 1774 vos
904 1732 1140 1775 volueritis
1191 1746 1420 1782 excusare,
1470 1735 1589 1789 quod
1630 1733 1760 1775 nobis
1802 1734 1948 1775 visum

322 1805 402 1853 est,
448 1815 528 1857 per
572 1816 652 1844 vos
696 1803 902 1845 totaliter
935 1804 1095 1845 debere
1127 1803 1226 1846 fieri
1259 1804 1430 1859 absque
1462 1818 1603 1855 mora,
1648 1807 1691 1846 et
1722 1804 1949 1860 prefatum

320 1873 593 1928 magistrum
637 1873 819 1915 interim
864 1874 1122 1917 retineretis
1167 1874 1458 1927 familiarem,
1520 1875 1650 1917 nobis
1692 1875 1829 1917 immo
1873 1875 1950 1917 alii

320 1943 509 1985 nimium
557 1947 833 2000 repugnaret
866 1949 909 1986 et
949 1945 1111 1987 honori
1143 1949 1294 1988 vestro
1329 1959 1381 1987 ac
1413 1947 1555 1988 statui
1586 1946 1847 1989 nullatenus
1876 1960 1949 1988 ex-

321 2014 509 2069 pediret.
581 2016 685 2057 Dat.
720 2016 1004 2058 Barchinone
1046 2017 1166 2058 VIII.
1191 2017 1410 2059 kalendas
1466 2017 1677 2060 Octobris
1721 2032 1837 2060 anno
1873 2019 1949 2061 do-

321 2085 431 2127 mini
464 2084 680 2128 MCCCX.

463 2155 546 2200 Reg.
573 2155 642 2191 336
674 2157 700 2192 f.
727 2156 772 2190 22
834 2157 1007 2202 Auffallig
1043 2157 1086 2192 ist
1125 2158 1179 2191 die
1214 2157 1417 2202 Datierung,
1457 2157 1499 2191 da
1536 2158 1584 2191 im
1614 2158 1806 2193 Schreiben
1842 2159 1950 2193 sehon

321 2214 382 2247 auf
407 2214 463 2248 die
489 2214 623 2249 andern
648 2215 769 2251 Briefe
794 2226 838 2249 an
865 2216 931 2249 den
957 2216 1065 2260 Papst
1090 2217 1161 2250 und
1187 2217 1242 2250 die
1262 2216 1449 2251 Kardinale
1474 2217 1710 2261 hingewiesen
1736 2218 1838 2259 wird;
1865 2218 1949 2252 viel-

322 2271 428 2307 leicht
465 2273 557 2307 fehlt
589 2274 667 2307 dort
704 2274 787 2308 aber
812 2285 875 2309 vor
914 2274 1076 2309 kalendas
1115 2276 1192 2310 eine
1218 2276 1339 2309 Ziffer.
1389 2275 1570 2310 Friedrich
1606 2276 1666 2310 hat
1703 2277 1777 2311 sich
1814 2288 1857 2310 an
1895 2277 1949 2311 die

320 2331 502 2376 Mahnung
531 2332 630 2367 nicht
653 2332 807 2377 gekehrt.
855 2334 980 2377 Jayme
1011 2334 1149 2369 schrieb
1181 2334 1253 2368 ihm
1279 2335 1367 2369 auch
1393 2345 1449 2368 am
1477 2336 1506 2369 1.
1534 2334 1687 2369 Oktober
1704 2336 1801 2380 (Reg.
1829 2336 1897 2371 336
1923 2337 1947 2370 f.

321 2390 365 2425 27
376 2391 424 2433 ν“);
451 2390 598 2425 Obwohl
624 2402 663 2425 er
687 2391 748 2426 ihn
774 2393 883 2426 sehon
908 2393 1125 2428 ausffihrlich
1151 2394 1186 2427 in
1212 2394 1274 2427 der
1291 2394 1402 2428 Sache
1420 2393 1569 2428 Arnaids
1595 2395 1825 2429 unterrichtet
1844 2395 1948 2429 habe:

320 2451 439 2483 tamen
464 2449 616 2484 diximus
640 2449 850 2495 iniungendo
883 2454 1073 2486 memorato
1100 2452 1203 2487 fratri
1228 2453 1358 2497 Regino
1385 2453 1427 2487 de
1457 2453 1619 2487 Messana
1637 2453 1813 2498 capellano
1833 2457 1949 2488 nostro

324 2509 528 2553 prescripto,
567 2519 672 2553 quem
697 2510 740 2544 de
765 2512 836 2544 toto
861 2511 1002 2555 negocio
1027 2511 1093 2545 hoc
1125 2511 1386 2555 presencialiter
1417 2513 1580 2547 duximus
1606 2513 1874 2550 informandum,
1913 2516 1951 2547 ut

321 2578 382 2602 vos
408 2568 487 2601 inde
513 2567 638 2602 debeat
661 2568 741 2603 vive
766 2569 861 2603 vocis
887 2569 1024 2604 oraculo
1050 2570 1251 2605 informare.

324 2711 420 2751 570.
454 2711 616 2766 Jayme
641 2711 707 2753 ΙΙ.
735 2724 792 2752 an
826 2710 1035 2755 Clemens
1063 2714 1138 2755 V.:
1173 2714 1424 2757 Nachricht
1446 2717 1520 2757 bei
1547 2715 1631 2757 der
1652 2715 1950 2768 Belagerung

321 2781 570 2834 Almerias‚
603 2781 708 2823 dass
741 2781 919 2824 Arnald
951 2794 1040 2825 von
1066 2784 1311 2827 villanova
1349 2786 1413 2826 im
1448 2786 1800 2828 Konsistorium
1834 2786 1950 2827 iiber

322 2853 450 2894 seine
481 2851 575 2893 und
608 2852 879 2894 Friedrichs
903 2851 1320 2897 Glaubenszweifel
1346 2856 1655 2910 gesprochen;
1688 2856 1949 2909 Leugnung

466 2969 490 3011 ¹)
515 2969 585 3002 Das
619 2968 894 3012 Vorangehende
925 2969 1058 3003 stimmt
1090 2971 1159 3004 fast
1190 2971 1348 3006 wortlich
1381 2972 1443 3005 mit
1476 2971 1552 3005 dem
1585 2972 1775 3006 Schreiben
1807 2982 1849 3006 an
1882 2972 1948 3005 den

321 3027 436 3071 Papst.
488 3028 563 3068 (ΧΓ.
591 3027 684 3068 570.)
