2296 3512
1021 279 1335 317 —844—

368 409 642 450 intendimus
677 407 914 449 celebrare.
977 406 1146 447 Verum
1175 418 1275 447 cum
1316 402 1597 445 venerabiles
1636 402 1803 445 fratres
1841 401 1986 444 nostri

369 478 728 534 Pampilonensis
783 481 825 519 et-
867 475 1245 531 Calagurritanus
1297 474 1496 530 episcopi
1548 473 1718 528 absque
1767 471 1988 528 periculo,

369 555 419 592 ut
452 549 686 600 asseritur,
732 560 820 589 non
854 548 1051 589 audeant
1090 547 1301 587 accedere
1332 558 1414 600 pro
1449 543 1568 586 dicto
1609 543 1796 585 concilio
1832 543 1887 584 ad
1921 555 1990 584 ec-

370 620 553 661 clesiam
575 622 888 669 memoratam,
917 620 1066 658 vestre
1088 615 1400 672 magnifiencie
1423 614 1655 656 humiliter
1678 613 1989 668 supplicamus

371 694 594 746 quatenus
633 688 850 745 predictis
891 687 1113 743 episcopis
1155 687 1305 729 velitis
1349 687 1402 728 de
1444 698 1601 728 securo
1643 685 1862 726 conducto
1909 696 1991 738 per

370 763 545 803 vestras
577 760 734 802 literas
767 759 1005 814 providere
1039 792 1046 799 .
1083 792 1090 799 .
1127 757 1263 799 .Da.t.
1298 757 1549 799 Terracone
1574 755 1741 797 XVIII.
1771 754 1991 796 kalendas

369 830 617 875 Febroarii.

511 901 600 936 CBD
629 900 759 935 10403.
811 899 868 934 Or.
895 899 977 942 Pup.
1005 899 1079 942 Ssp.

372 1035 468 1074 524.
502 1033 662 1087 Jayme
683 1032 750 1073 II.
784 1043 841 1072 an
876 1029 1151 1072 Erzbischof
1179 1028 1412 1070 Roderich
1446 1026 1539 1068 und
1566 1024 1992 1068 Provinzialkonzil

370 1115 457 1145 von
489 1103 777 1155 Tarragona:
822 1102 966 1143 bittet
1011 1099 1243 1153 (lringend
1284 1111 1363 1140 um
1394 1096 1709 1149 Abschaffung
1749 1096 1993 1137 mehrerer

370 1174 758 1216 Konstitutionen
799 1172 1022 1214 fritherer
1054 1170 1301 1213 Konzilien
1334 1169 1447 1211 oder
1479 1169 1607 1210 ihres
1639 1167 1993 1219 Missbrauches,

370 1244 585 1286 wodurch
609 1243 710 1285 dem
732 1242 889 1286 Staate
913 1242 1100 1284 starker
1117 1240 1336 1282 Abbruch
1361 1240 1500 1292 getan
1516 1239 1595 1280 ist.
1643 1238 1777 1280 Ricla
1800 1237 1992 1293 (1304)5

1041 1313 1218 1355 Januar
1250 1310 1321 1352 30.

510 1397 709 1438 Jacobus
743 1399 823 1437 etc.
858 1395 1102 1437 reverendo
1137 1407 1186 1435 ac
1220 1392 1553 1435 venerabilibus
1575 1391 1621 1433 in
1645 1389 1825 1433 Christo
1852 1389 1995 1445 patri-

370 1467 454 1509 bus
501 1480 552 1509 ac
597 1466 771 1509 dilectis
816 1465 1066 1507 Rodericho
1108 1499 1115 1506 .
1153 1499 1160 1506 .
1202 1498 1209 1505 .
1251 1462 1607 1505 Terraclionensi
1640 1461 1994 1517 archiepiscopo,

372 1537 675 1592 suffraganeis
717 1537 955 1592 episcopis,
999 1536 1253 1587 abbatibus,
1289 1534 1500 1590 capitulis
1534 1533 1783 1588 ceterisque
1816 1530 1995 1573 ecclesi-

373 1608 526 1651 asticis
573 1621 625 1650 ac
668 1608 895 1663 religiosis
938 1607 1146 1662 personis
1190 1606 1236 1647 in
1275 1605 1463 1647 concilio
1497 1603 1852 1646 Terrachonensi
1891 1615 1995 1644 con-

372 1679 573 1734 gregatis
618 1679 688 1720 vel
733 1678 869 1720 etiam
918 1677 1248 1733 congregandis
1296 1677 1489 1719 salutem
1538 1678 1581 1717 et
1630 1673 1995 1717 benevolenciam

372 1763 501 1792 suam
533 1750 578 1791 in
612 1753 894 1805 perpetuum.
957 1750 1030 1790 Ad
1074 1748 1196 1803 regie
1239 1747 1498 1790 serenitatis
1535 1745 1742 1801 pervenit
1776 1744 1994 1796 auditum,

373 1821 569 1876 qualiter
600 1833 695 1872 vos,
728 1820 971 1862 reverende
1004 1822 1136 1875 pat-er
1158 1817 1539 1860 Terrachonensis
1565 1815 1994 1871 archiepiscopusss),

373 1895 416 1933 et
462 1904 557 1944 vos,
605 1890 886 1933 venerabiles
935 1889 1148 1946 episcopi,
1199 1903 1298 1931 cum
1345 1888 1551 1944 personis
1586 1887 1686 1929 aliis
1720 1885 1995 1942 supradictis

372 1962 581 2017 generale
613 1962 659 2003 in
691 1960 1047 2004 Terrachonensi
1081 1960 1265 2002 civitate
1296 1960 1503 2015 pretacta
1543 1957 1781 2000 concilium
1803 1956 1996 1998 intendi-

372 2033 431 2075 tis
473 2033 715 2085 celebrare,
748 2046 830 2088 per
863 2033 983 2087 quod
1017 2032 1183 2087 quippe
1214 2030 1526 2073 indubitanter
1558 2032 1681 2071 tenet
1713 2027 1810 2083 spei
1841 2030 1997 2070 nostre

372 2103 537 2145 fiducia
579 2117 660 2158 per
704 2117 785 2146 vos
828 2116 1048 2158 personas
1096 2102 1318 2157 siquidem
1369 2101 1561 2156 probate
1614 2098 1904 2141 discrecionis
1953 2099 1997 2140 et

372 2175 660 2231 providencie
701 2174 747 2215 in
787 2174 949 2216 melius
990 2173 1221 2215 emendari
1254 2175 1297 2213 et
1330 2171 1498 2226 corrigi
1531 2169 1882 2212 constituciones
1916 2168 1996 2210 ali-

375 2258 487 2301 quas
521 2245 665 2287 editas
697 2245 743 2286 in
775 2244 1216 2287 Terrachonensibus
1251 2242 1451 2285 conciliis
1484 2242 1529 2283 in
1556 2241 1774 2297 preterito
1799 2239 1996 2282 celebra-

374 2316 433 2358 tis
480 2329 558 2358 seu
608 2316 775 2358 abusus
824 2328 1002 2367 earum,
1067 2328 1151 2369 que
1198 2313 1332 2355 nimis
1379 2312 1617 2354 animabus
1657 2311 1996 2367 quamplurium

375 2386 656 2429 occasionem
689 2386 924 2429 sinistram
956 2398 1169 2441 perverse
1202 2397 1277 2427 eas
1310 2383 1666 2438 intelligencium
1694 2381 1870 2424 astucia
1891 2379 1996 2423 hac-

373 2460 505 2500 tenus
536 2457 811 2499 induxerunt
844 2470 896 2498 ac
927 2469 1168 2511 regnorum
1206 2458 1249 2497 et
1280 2457 1507 2497 terrarum
1541 2456 1801 2496 nostrarum
1825 2454 1996 2494 statum

374 2541 643 2584 prosperum
675 2527 990 2583 multipliciter
1021 2527 1348 2581 perturbarunt
1380 2538 1462 2566 nec
1489 2538 1580 2566 non
1601 2522 1995 2566 iurisdiccionibus

375 2598 703 2653 temporalibus
747 2597 917 2640 nostris
961 2600 1295 2647 nocumentum,
1337 2596 1475 2637 immo
1518 2594 1868 2637 diminucionem
1902 2627 1909 2634 .
1945 2626 1953 2634 .
1988 2626 1996 2634 .

377 2671 533 2712 contra
565 2669 635 2711 ius
669 2672 712 2711 et
742 2668 971 2711 iusticiam
1003 2667 1304 2723 protulerunt,
1338 2670 1388 2708 ut
1419 2666 1549 2708 vobis
1586 2665 1654 2707 vel
1686 2664 1849 2706 maiori
1874 2662 1997 2719 parti

375 2742 591 2792 vestrum,
635 2753 734 2781 cum
776 2739 939 2795 quibus
981 2738 1101 2780 circa
1140 2738 1231 2781 ista
1273 2737 1424 2793 sepius
1464 2735 1708 2778 contulisse
1740 2734 1995 2785 recolimus,

466 2844 474 2851 .
506 2823 580 2852 res
617 2810 719 2866 ipsa
767 2809 1074 2865 experimento
1108 2809 1288 2851 notoria
1319 2806 1597 2849 manifestat.
1612 2807 1646 2861 1)
1683 2840 1690 2847 .
1726 2840 1734 2847 .
1771 2839 1778 2846 .
1812 2805 1915 2846 Dat.
1950 2803 1996 2844 in

375 2881 503 2923 Ricla
534 2880 613 2922 HI.
647 2880 866 2923 kalendas
897 2879 1133 2922 Februarii
1167 2891 1283 2921 anno
1317 2877 1487 2920 domini
1518 2875 1679 2919 MCCC
1711 2877 1887 2931 quarto.

446 2949 499 2977 524
518 2951 547 2994 a)
573 2950 616 2984 s0
641 2950 725 2994 Reg.

446 3056 497 3083 524
520 3056 544 3095 ¹)
571 3055 685 3091 Sollen
710 3056 771 3089 fur
796 3055 938 3090 Abhilfe
965 3066 1098 3099 sorgen.
