2296 3512
896 262 1215 302 —607—

249 393 467 447 gehalten
498 391 593 433 und
625 402 677 433 er
709 392 777 432 sei
809 391 885 432 ein
906 389 1188 431 Vertrauter
1219 388 1298 430 des
1327 387 1514 430 Amicus
1545 385 1639 428 und
1665 385 1872 428 bekenne

249 464 350 507 sich
371 463 440 505 als
463 462 662 504 solcher.
704 461 804 503 Von
828 459 1040 513 grosster
1056 458 1334 512 Bedeutung
1350 459 1434 512 sei,
1455 469 1587 500 wenn
1605 454 1871 499 Castruccio

250 534 397 576 durch
427 531 753 584 Vermittlung
796 530 1031 584 Napoleon
1063 528 1246 570 Orsinis
1284 529 1385 571 sich
1421 528 1516 570 und
1560 528 1688 570 scine
1719 525 1873 568 Macht

249 605 349 647 ihm
380 602 696 645 unterstellte.
760 599 819 644 So
844 599 1020 642 kiinnte
1045 600 1208 654 Jayme
1240 610 1402 651 grosse
1427 597 1792 649 Machtstellung
1823 597 1873 636 in

249 675 424 718 Italien
468 674 725 726 gewinnen.
787 671 883 713 Der
920 671 1107 713 Amicus
1151 669 1308 711 wiirde
1352 669 1433 710 das
1477 668 1623 710 durch
1667 668 1755 710 den
1799 677 1874 719 ge-

250 745 453 788 wahlten
480 743 746 786 riiniischen
773 741 931 795 Kiinig
956 740 1223 793 bestatigen
1247 739 1417 781 lassen.
1480 739 1695 791 Avignon
1720 736 1874 792 (1323)

900 812 1154 854 December
1183 809 1227 852 9.

395 907 531 950 Sacre
563 907 686 963 regie
707 906 964 962 magestati.
1018 904 1193 947 Pluries
1225 917 1296 945 me
1322 902 1568 958 magestati
1594 902 1717 957 regie
1739 900 1876 956 signi-

251 980 414 1023 ficasse
454 979 546 1020 iam
588 978 794 1030 memini,
839 976 1036 1032 qualiter
1076 978 1226 1017 vester
1265 973 1411 1016 fidelis
1453 975 1497 1014 et
1539 986 1673 1014 verus
1707 971 1877 1013 amicus

252 1050 459 1093 redditur
481 1049 681 1101 timidus,
704 1050 932 1091 tractatus
956 1047 1133 1102 aliquos
1157 1044 1369 1097 exordiri,
1387 1057 1539 1099 ymmo
1562 1043 1699 1085 etiam
1723 1041 1878 1084 audire

255 1124 333 1163 aut
365 1120 595 1176 prosequi,
636 1119 948 1162 celsitudinem
990 1117 1164 1173 regiam
1207 1115 1535 1171 contingentes,
1567 1113 1691 1169 regie
1722 1113 1878 1155 volun-

254 1192 363 1234 tatis
419 1192 630 1233 incertus.
719 1191 787 1233 Ex
840 1202 928 1245 quo
981 1189 1046 1241 fit,
1104 1188 1239 1244 quod,
1294 1186 1400 1228 licet
1462 1185 1651 1240 negocia
1712 1196 1880 1238 magna

256 1265 300 1305 et
335 1266 574 1317 magnates
624 1261 755 1318 quasi
794 1274 949 1303 omnes
987 1259 1142 1301 Ytalie
1184 1272 1284 1300 eum
1322 1256 1585 1312 respiciant,
1625 1258 1669 1297 et
1701 1255 1796 1297 eius
1834 1254 1880 1295 in

257 1345 411 1375 eorum
444 1332 644 1388 negociis
683 1331 920 1375 consilium
961 1332 1004 1372 et
1042 1329 1415 1372 deliberationem
1454 1329 1705 1383 expectent,
1737 1324 1883 1367 multa

255 1404 429 1446 intacta
460 1406 709 1455 remanent,
743 1417 797 1445 ex
828 1402 991 1458 quibus
1015 1399 1273 1443 celsitudini
1302 1401 1449 1441 vestre
1477 1399 1666 1453 possent
1688 1397 1882 1438 honores

258 1478 302 1517 et
349 1475 540 1517 comoda
579 1473 815 1516 resultare.
884 1472 1141 1515 Novissime
1191 1471 1369 1526 quidem
1419 1468 1701 1511 consideravi
1746 1466 1884 1508 michi

259 1546 565 1588 condicionem
606 1544 810 1600 imprisie
842 1545 896 1586 de
930 1548 1177 1598 conquesta
1217 1542 1347 1597 regni
1385 1539 1593 1583 Sardinie
1635 1542 1680 1580 et
1711 1540 1883 1580 statum

257 1616 546 1658 vacillantem
582 1619 625 1657 et
663 1615 870 1657 timidum
915 1614 1113 1656 civitatis
1152 1613 1328 1663 Pisane,
1367 1611 1439 1654 cui
1469 1611 1684 1653 Luchana
1724 1608 1883 1650 civitas

258 1688 344 1730 hoc
386 1690 590 1742 tempore
623 1686 823 1729 cernitur
856 1699 953 1728 esse
985 1684 1176 1727 frenum.
1241 1681 1550 1738 Conspicienti
1584 1681 1701 1722 enim
1738 1683 1781 1721 et
1827 1679 1881 1720 ab

261 1762 445 1814 experto
478 1757 697 1814 palpanti,
723 1758 843 1812 quod
867 1755 1188 1800 Castrucchius
1206 1755 1260 1797 de
1282 1752 1619 1803 Interminellis,
1645 1751 1722 1807 qui
1743 1749 1884 1805 presi-

262 1830 336 1871 det
369 1829 543 1871 civitati
574 1829 789 1883 predicte,
825 1826 1088 1870 domicellus
1113 1830 1156 1868 et
1182 1824 1424 1867 familiaris
1453 1822 1726 1866 domesticus
1760 1824 1803 1863 et
1832 1822 1885 1862 de

261 1900 416 1942 raubis
449 1900 584 1941 etiam
620 1900 673 1941 ab
709 1899 815 1941 olim
848 1898 935 1940 fuit
968 1900 1012 1940 et
1043 1911 1090 1940 se
1116 1896 1357 1951 profitetur
1388 1894 1566 1949 publice
1600 1896 1644 1936 et
1676 1892 1886 1935 continue

264 1971 462 2013 eiusdem
503 1971 639 2012 amici
679 1970 821 2013 vestri
862 1969 1140 2024 singularem
1181 1981 1279 2010 esse
1319 1966 1560 2018 facturam,
1599 1977 1699 2006 meo
1735 1963 1885 2005 animo

264 2041 461 2083 scintilla
492 2046 700 2096 prompte
741 2040 1032 2096 cogitationis
1074 2038 1317 2092 obvexit³),
1359 2037 1479 2093 quod
1512 2035 1772 2089 supradicte
1804 2034 1886 2075 im—

263 2113 402 2166 prisie
435 2116 552 2154 esset
585 2113 751 2155 decisio
783 2111 934 2154 finalis
967 2114 1011 2153 et
1045 2110 1281 2162 terminus,
1314 2108 1353 2151 si
1386 2108 1532 2150 dictus
1566 2105 1887 2149 Castrucchius

265 2186 434 2225 statum
468 2186 511 2225 et
541 2183 796 2237 potenciam
829 2196 958 2224 suam
992 2183 1267 2236 supponeret
1289 2182 1333 2221 et
1366 2180 1609 2233 exponeret
1635 2177 1775 2218 libere
1799 2176 1887 2217 dis-

267 2253 485 2308 posicioni
532 2256 667 2309 atque
712 2254 929 2295 mandato
979 2251 1260 2295 celsitudinis
1298 2253 1461 2293 vestre.
1533 2247 1664 2301 Quod
1708 2248 1887 2303 quidem

264 2325 402 2367 michi
443 2324 555 2366 satis
598 2324 829 2366 videretur
872 2323 1074 2366 factibile
1121 2335 1272 2378 ymmo
1320 2320 1467 2372 facile,
1514 2320 1554 2363 si
1595 2333 1675 2373 per
1716 2318 1886 2360 dictum

268 2395 462 2437 amicum
503 2395 782 2450 contingeret
824 2395 910 2436 hoc
951 2394 1135 2437 assumi.
1198 2394 1256 2435 Et
1286 2392 1462 2434 utinam
1511 2390 1728 2433 celsitudo
1763 2388 1889 2443 regia

266 2466 474 2521 palparet
514 2465 795 2519 experiencia
834 2469 877 2507 et
907 2465 1082 2507 videret
1114 2478 1195 2519 per
1239 2464 1372 2519 signa
1404 2476 1470 2515 ea,
1505 2475 1590 2517 que
1623 2462 1676 2503 de
1708 2472 1888 2514 promo-

269 2538 394 2580 cione
431 2536 787 2592 magnitficencie
819 2540 968 2578 vestre
1003 2535 1173 2577 amicus
1208 2535 1360 2576 anelat
1393 2536 1436 2576 et
1469 2533 1608 2588 gestit
1644 2531 1690 2573 in
1725 2530 1888 2581 animo,

268 2609 385 2652 sicut
417 2608 626 2650 continue
665 2620 747 2661 ego
779 2606 929 2660 palpo,
970 2606 1076 2661 quia
1109 2608 1229 2648 certe
1270 2618 1360 2647 non
1394 2603 1565 2655 dubito,
1600 2603 1719 2657 quod
1751 2600 1889 2655 pluri-

267 2694 391 2721 mum
425 2679 574 2720 animo
607 2677 732 2732 regio
766 2677 1120 2719 consolatorium
1148 2679 1267 2719 esset
1297 2679 1341 2717 et
1367 2674 1568 2730 gratum!
1634 2673 1748 2714 Vere
1773 2671 1890 2712 enim

268 2754 376 2793 tunc
399 2751 637 2792 dumtaxat
661 2747 989 2790 delectabiliter
1015 2747 1180 2789 nutriri
1206 2747 1385 2788 videtur
1409 2748 1452 2787 et
1473 2744 1612 2799 pasci,
1640 2757 1740 2785 cum
1765 2754 1890 2797 yma—

270 2822 454 2877 ginatur
500 2824 542 2863 et
590 2818 859 2861 conferendo
905 2820 1074 2859 tractat
1120 2820 1275 2871 partes
1307 2816 1461 2858 Ytalie
1509 2818 1553 2857 et
1585 2828 1690 2857 suos
1723 2813 1890 2855 ibidem

271 2892 440 2934 amicos
492 2891 697 2934 subditos
752 2892 795 2931 et
834 2889 1021 2930 devotos
1075 2887 1400 2943 gubernacioni
1455 2887 1615 2928 domus
1659 2882 1890 2938 Aragonie

271 2963 516 3006 subiecisse
552 2996 559 3003 .
596 2995 603 3003 .
640 2995 647 3002 .
682 2961 846 3003 Prebet
888 2959 1023 3000 etiam
1063 2958 1202 3000 michi
1232 2971 1448 3013 magnam
1479 2954 1800 3011 progrediendi
1833 2953 1889 2994 ad

411 3046 441 3089 a)
467 3044 560 3078 Eher
585 3043 676 3077 noch
701 3041 846 3085 obrexit,
873 3041 956 3075 aber
981 3040 1041 3074 das
1066 3040 1176 3074 heisst
1201 3040 1277 3074 hier
1303 3039 1392 3073 doch
1417 3038 1542 3073 nichts.
