2296 3512
1145 275 1459 314 —726—

495 411 539 435 no
571 401 671 444 podie
703 400 870 434 entendre
902 411 945 434 en
976 400 1107 444 aquells
1133 401 1242 434 affers
1280 411 1342 444 per
1372 400 1405 434 la
1430 401 1530 444 festa,
1569 412 1634 445 que
1666 412 1686 435 a
1716 402 1814 445 scyta
1846 403 1887 435 de
1919 404 1997 436 sent
2021 402 2111 443 Lois,

495 470 561 503 que
599 458 630 492 el
673 470 760 503 papa
799 470 819 492 a
856 458 1046 501 canonizat,
1088 458 1120 493 la
1157 460 1236 502 qual
1279 460 1379 502 festa,
1422 470 1559 503 seynor,
1601 470 1621 493 a
1662 461 1779 494 estada
1816 461 1905 495 bona
1942 462 1976 494 et
2015 460 2111 496 bella.

495 517 599 563 (CRD
629 520 743 554 11551
774 517 852 561 Vgl.
877 518 968 552 auch
993 518 1083 553 CRD
1112 518 1256 557 10:286).
1306 511 1404 553 Uber
1435 519 1502 553 den
1529 519 1687 563 Vertrag,
1720 520 1782 553 der
1812 520 1866 554 die
1898 521 2020 563 treuga
2044 530 2113 553 von

494 577 662 610 ,Iohannis
683 576 732 610 bis
750 577 1005 611 Weihnachten
1034 577 1106 610 und
1132 577 1223 610 daun
1248 577 1309 611 auf
1335 578 1355 612 3
1381 577 1488 611 Jahre
1514 578 1684 611 ausdehnt
1709 578 1983 622 (Weihnachten
2009 577 2113 622 1320)

496 635 675 669 berichten
702 636 755 669 die
786 635 1003 679 papstlichen
1030 636 1227 670 Gesandten
1264 636 1298 669 in
1325 636 1472 679 Riezler,
1511 636 1624 670 Vatik.
1652 637 1774 677 Akten,
1807 648 1862 673 no.
1890 638 1944 671 75.
1973 657 2016 661 ——
2043 637 2114 670 Aut

495 693 572 728 eine
586 694 721 728 Anzahl
738 694 878 728 hierher
895 696 965 729 und
983 698 1098 738 spater
1113 695 1294 739 gehoriger
1314 695 1473 729 Berichte
1492 694 1540 728 sei
1559 694 1808 739 hingewiesen:
1830 695 1919 731 CRD
1939 694 2052 730 12262
2071 695 2112 731 ff.

495 814 593 854 451.
618 813 919 855 Vizekanzler
950 813 1042 854 und
1065 813 1501 866 Kardinalpriester
1531 812 1590 868 (S.
1615 813 1837 867 Stephani
1860 815 1908 855 111
1931 814 2113 869 monte)

495 883 667 926 Petrus
705 897 762 925 an
806 882 960 937 Kenig
991 883 1257 925 Friedrich:
1305 884 1516 925 erinnert
1560 897 1617 925 611
1662 884 1737 925 die
1778 885 1918 927 unter
1960 884 2115 926 8611161·

495 955 797 1008 Mitwirkung
841 955 1164 1007 geschlossene
1209 955 1398 1007 treuga,
1451 967 1509 995 an
1565 954 1641 996 die
1684 955 1783 996 ihm
1837 954 2114 1008 gewordene

496 1025 766 1067 ehrenvolle
804 1024 1079 1078 Aufnahme,
1127 1037 1185 1066 an
1232 1024 1312 1066 (las
1357 1025 1665 1067 Wohlwollen
1711 1025 1919 1068 Johanns
1952 1025 2113 1067 XXII.

495 1106 643 1149 gegen
666 1096 764 1148 ihu,
791 1095 878 1137 den
901 1097 1028 1138 scine
1051 1095 1327 1137 Diffidation
1351 1094 1506 1148 Kiinig
1528 1095 1727 1137 Roberts
1751 1096 1861 1137 sehr
1882 1095 2116 1149 gekriinkt

494 1166 627 1208 habe.
699 1167 762 1208 Er
802 1167 952 1208 wal-nt
997 1167 1080 1208 11111
1121 1178 1204 1208 vor
1242 1155 1470 1208 1111611001
1517 1167 1657 1208 unter
1696 1165 1987 1219 Anfiihrung
2033 1165 2116 1207 der

495 1237 730 1291 Beispiele
771 1237 1040 1279 Friedrichs
1072 1238 1160 1289 IL,
1210 1237 1288 1278 des
1331 1235 1507 1279 Grafen
1545 1248 1633 1279 von
1671 1237 1922 1289 Toulouse,
1963 1238 2115 1279 861068

496 1308 678 1350 Vaters.
741 1309 804 1350 Er
844 1307 980 1361 miige
1022 1308 1123 1349 dem
1165 1308 1337 1362 Papste
1377 1308 1640 1349 verti-auen.
1705 1307 1917 1360 Avignon
1955 1306 2115 1362 (1321)

1204 1380 1322 1421 Miirz
1356 1379 1426 1420 22.

637 1474 756 1516 Dum
781 1474 836 1515 ad
859 1486 1102 1529 personam
1126 1476 1325 1515 vestram
1360 1472 1598 1525 afficimur,
1622 1473 1889 1528 cogitamus,
1923 1471 2118 1528 qualiter

496 1545 642 1602 possit
688 1544 852 1587 vestris
894 1543 1270 1586 tribulacionibus
1312 1546 1356 1585 et
1395 1543 1609 1599 periculis
1652 1543 1839 1585 obviari.
1912 1543 1985 1584 Ad
2026 1556 2114 1584 me-

496 1617 688 1660 moriam
716 1616 882 1672 quippe
915 1618 1114 1658 vestram
1146 1614 1416 1667 reducimus,
1451 1614 1659 1670 qualiter,
1693 1628 1794 1655 cum
1828 1614 1885 1656 ad
1919 1615 2116 1655 vestram

497 1687 809 1730 celsitudinem
850 1686 1046 1742 primum
1090 1685 1375 1737 accessimus,
1418 1685 1638 1741 gracioce,
1666 1684 1995 1727 honorabiliter
2034 1697 2116 1726 nos

498 1773 549 1801 ac
581 1757 945 1801 reverentissime
977 1757 1212 1812 recepistis
1241 1770 1295 1798 ex
1317 1760 1470 1799 vestra
1493 1755 1734 1798 devocione
1757 1755 1946 1806 sincera,
1980 1768 2117 1810 quam

498 1831 555 1872 ad
610 1828 948 1871 sanctissimum
1007 1827 1237 1870 dominum
1300 1830 1518 1879 nostrum,
1577 1826 1808 1869 dominum
1862 1826 2116 1868 Johannem

495 1913 666 1957 papam
709 1900 841 1941 XXII
875 1902 918 1941 et
950 1901 1156 1941 sanctam
1200 1898 1452 1940 Romanam
1494 1897 1728 1940 ecclesiam
1768 1897 2020 1949 habebatis,
2066 1910 2117 1938 ac

498 1971 636 2014 semel
667 1970 970 2027 personaliter
1003 1972 1046 2011 et
1078 1969 1201 2012 omni
1223 1969 1293 2011 die
1315 1982 1397 2024 per
1418 1968 1605 2010 nuncios
1628 1967 1863 2010 visitastis.
1917 1967 2118 2010 Nostris-

498 2056 583 2099 que
626 2041 1021 2084 exhortacionibus
1055 2039 1354 2095 respondistis
1388 2039 1607 2081 dicentes:
1650 2038 1837 2092 Labial)
1867 2038 2117 2080 sacerdotis

499 2113 757 2155 custodiunt
791 2112 1032 2155 scienciam
1066 2114 1109 2153 et
1143 2111 1195 2153 de
1228 2123 1305 2152 ore
1339 2110 1433 2152 eius
1466 2110 1608 2164 legem
1644 2109 1878 2165 exquiram
1913 2111 2009 2161 etc.,
2044 2109 2117 2150 de-

501 2185 712 2226 clarando
758 2182 901 2239 ipsius
935 2182 1104 2224 domini
1136 2181 1282 2223 nostri
1314 2194 1430 2236 pape
1463 2180 1718 2231 scienciam,
1752 2179 2041 2222 sanctitatem
2075 2181 2117 2221 et

498 2257 771 2310 potestatem
817 2253 972 2295 celiter
1015 2253 1102 2295 sibi
1147 2253 1301 2294 datam
1448 2251 1778 2303 concludentes,
1821 2251 1941 2306 quod
1972 2249 2116 2306 [inter]

498 2325 671 2368 domini
704 2325 848 2367 nostri
880 2337 998 2380 pape
1030 2323 1197 2378 prefati
1237 2322 1423 2364 brachia
1461 2335 1543 2378 pro
1583 2324 1706 2364 certo
1745 2320 2002 2364 dormiretis
2034 2320 2119 2362 hac

498 2397 594 2438 vice
628 2398 671 2437 et
711 2397 890 2437 demum
923 2395 967 2436 in
1000 2394 1172 2436 nostris
1205 2393 1414 2436 manibus
1448 2396 1492 2435 et
1524 2393 1738 2448 college2)
1774 2427 1781 2434 .
1809 2426 1816 2433 .
1843 2426 1850 2433 .
1885 2392 2117 2433 tradentes

498 2466 684 2509 realiter
716 2466 960 2517 civitatem,
1003 2467 1167 2517 castra,
1200 2466 1348 2506 terras
1382 2466 1425 2506 et
1457 2464 1559 2516 alia,
1594 2477 1679 2518 que
1712 2463 1757 2504 in
1790 2461 2004 2505 Calabria
2037 2474 2118 2517 per

499 2551 579 2580 vos
624 2551 703 2580 seu
745 2536 859 2579 alios
900 2536 1124 2578 tenebatis
1167 2549 1251 2591 pro
1293 2535 1499 2576 facienda
1539 2534 1738 2576 eiusdem
1772 2532 1942 2575 domini
1972 2531 2118 2574 nostri

498 2622 615 2665 pape
648 2607 908 2650 omnimoda
943 2607 1172 2648 voluntate
1205 2619 1286 2648 066
1316 2619 1404 2647 non
1438 2605 1701 2648 obedivistis
1735 2603 1908 2659 treugis
1933 2601 2115 2654 nostris,

499 2692 650 2735 ymmo
674 2678 825 2720 verius
849 2677 1125 2733 apostolicis,
1150 2680 1193 2718 et
1211 2677 1392 2718 easdem
1411 2675 1702 2732 approbastis
1721 2677 1764 2716 et
1777 2673 2116 2730 prefixionema)

499 2749 698 2801 termini,
727 2749 773 2790 in
806 2762 893 2804 quo
926 2762 1007 2803 per
1038 2760 1118 2789 vos
1151 2760 1231 2789 seu
1264 2750 1409 2789 certos
1442 2746 1629 2789 nuncios
1663 2758 1923 2801 comparere
1964 2755 2116 2784 coram

501 2821 656 2862 eodem
701 2819 881 2862 domino
924 2821 1081 2860 nostro
1127 2818 1379 2868 debebatis,
1421 2817 1468 2859 in
1513 2830 1601 2872 quo
1644 2830 1733 2859 non
1766 2816 2117 2870 comparuerunt

640 2891 669 2933 a)
695 2889 883 2933 prefixioni

644 2994 667 3033 ι)
694 3000 766 3028 Δ1118
792 2994 978 3028 Malachias
1003 2993 1036 3027 2.
1064 2993 1094 3029 b.
1123 2995 1152 3027 T.

642 3053 668 3096 ²)
694 3054 755 3097 Ep.
784 3052 976 3087 Guilelmus
1000 3053 1189 3086 Trecensis.
