2296 3512
886 249 1205 290 —933—

237 380 304 419 set
345 376 497 432 potius
534 376 787 418 ministerio
827 379 978 418 vestro
1023 376 1347 431 [con]cordiam
1380 377 1517 419 istam
1550 376 1861 420 desideranter

237 449 524 502 expectatam
572 448 765 489 mundus
813 446 1047 501 inspiciat,
1097 448 1140 488 et
1186 447 1423 502 utriusque
1470 446 1592 502 regis
1624 447 1793 488 milites
1835 460 1862 488 a

235 517 407 569 futuro,
456 517 501 558 in
545 530 632 572 quo
676 530 723 559 se
764 520 1033 572 preparant,
1074 516 1275 571 periculo
1322 517 1587 570 liberentur,
1635 520 1679 559 et
1720 516 1861 571 legati

236 587 407 630 domini
438 600 557 642 pape
590 601 691 629 cum
723 587 906 629 nunctio
940 587 1060 642 regis
1093 587 1360 642 Aragonum
1394 588 1624 630 venientes
1657 587 1861 629 laborem

234 660 493 701 vestrorum
527 671 714 700 onerum
746 671 836 699 non
872 659 1102 711 usurpent.
1166 657 1362 699 Multum
1396 658 1577 713 quidem
1599 657 1764 700 merito
1787 658 1861 699 de-

234 730 457 780 beremus,
492 727 530 771 si
563 741 663 769 cum
696 727 891 783 Virgilio
925 727 1190 770 cantaretis:

375 798 473 841 Hos
507 811 588 852 ego
621 798 869 840 versiculos
902 797 1001 850 feci,
1035 797 1141 839 tulit
1173 797 1289 839 alter
1320 799 1560 840 honorem:

448 867 522 911 Sic
553 882 634 911 vos
666 881 755 910 non
787 868 916 911 vobis

448 938 522 981 Sic
553 952 634 981 vos
667 951 756 980 non
790 939 919 981 vobis

447 1007 520 1051 Sic
552 1022 633 1052 vos
667 1023 755 1051 non
788 1009 929 1052 vobis.

375 1090 481 1132 Fuit
520 1091 701 1146 quidem
740 1091 846 1133 talis
886 1091 1073 1146 ystoria.
1137 1092 1238 1133 Non
1269 1091 1464 1133 habente
1496 1091 1707 1133 notitiam
1741 1091 1862 1147 apud

233 1161 557 1216 imperatorem
574 1161 784 1217 Virgilio,
818 1162 1002 1217 scripsit
1035 1165 1078 1203 et
1099 1162 1146 1203 in
1169 1161 1321 1203 aulam
1342 1161 1535 1217 proiecit
1558 1162 1670 1204 duos
1688 1175 1860 1214 versus,

232 1231 460 1274 videlicet:
494 1232 687 1287 Propter
731 1232 1137 1288 sollempnitatem,
1185 1245 1321 1287 quam
1358 1232 1405 1274 in
1439 1232 1688 1274 crastinum
1720 1231 1862 1287 impe-

233 1305 361 1344 rator
392 1302 599 1345 facturus
634 1306 744 1355 erat,
778 1306 877 1345 tota
910 1303 1091 1358 quidem
1123 1305 1254 1345 nocte
1280 1302 1474 1358 pluerat,
1508 1305 1552 1344 et
1579 1302 1862 1355 credebatur,

234 1374 355 1428 quod
395 1372 443 1414 in
481 1386 615 1415 mane
658 1373 968 1428 spectaculum
1009 1376 1276 1415 remaneret.
1342 1371 1420 1415 Set
1461 1375 1711 1428 apparente
1743 1386 1862 1416 sere-

232 1443 376 1485 nitate
415 1456 516 1485 cum
559 1444 653 1486 sole
701 1444 866 1486 festum
904 1443 991 1486 fuit
1038 1443 1350 1499 sollempniter
1383 1444 1672 1486 celebratum.
1734 1443 1863 1485 Unde

232 1513 453 1569 Virgilius
493 1514 811 1570 applaudendo
850 1514 1118 1570 imperatori
1158 1514 1394 1574 rescripsit
1434 1514 1517 1557 hos
1549 1527 1707 1556 versus
1741 1516 1784 1556 et
1815 1514 1862 1556 in

235 1584 339 1626 aula
370 1584 581 1640 proiecit:

445 1657 587 1698 Nocte
619 1656 736 1711 pluit
767 1658 879 1708 tota,
913 1657 1104 1698 redeunt
1136 1656 1398 1711 spectac-ula
1429 1669 1576 1709 mane,

445 1726 653 1768 Divisum
685 1727 927 1782 imperium
960 1740 1061 1769 cum
1092 1727 1206 1770 Jove
1240 1725 1380 1770 Cesar
1411 1727 1561 1768 habet.

376 1807 489 1850 Cum
523 1821 629 1864 ergo
665 1810 721 1851 ad
753 1823 915 1852 manus
947 1809 1242 1865 imperatoris
1274 1809 1494 1861 venirent,
1528 1808 1724 1864 quesiw't
1758 1821 1863 1849 auc-

233 1881 392 1921 torem.
471 1879 725 1935 Respondit
776 1892 893 1922 unus
943 1880 1059 1923 alius
1112 1880 1323 1922 adulator
1365 1883 1408 1922 et
1453 1879 1650 1922 asseruit
1693 1892 1740 1921 se
1786 1891 1863 1921 eos

233 1949 414 2002 fecisse,
447 1949 708 2005 factumque
741 1950 846 2003 fuit,
886 1954 936 1993 ut
968 1950 1189 2006 Virgilius
1230 1951 1355 2006 ipsos
1393 1950 1559 1992 iterato
1592 1949 1864 1992 rescriberet

235 2022 278 2062 et
312 2020 538 2062 adiunxit:
574 2020 684 2074 ,Hos
719 2034 801 2076 ego
836 2021 1097 2065 versiculos‘
1133 2024 1214 2064 etc.
1267 2021 1437 2063 Videns
1472 2033 1578 2076 ergo
1610 2020 1864 2075 imperator

236 2104 393 2133 versus
434 2094 716 2144 trunccatos,
770 2092 952 2134 vocavit
991 2095 1312 2148 usurpatorem
1351 2092 1522 2134 dicens:
1572 2089 1725 2143 Quare
1771 2103 1862 2132 non

233 2160 465 2217 perfecisti
498 2162 600 2204 eos?
661 2162 720 2204 Et
750 2162 841 2215 ille,
876 2163 953 2218 qui
984 2177 1074 2205 non
1106 2163 1296 2216 fecerat,
1337 2175 1428 2205 non
1461 2161 1714 2218 complexit.
1777 2161 1865 2203 Re-

233 2234 392 2288 pertus
427 2245 535 2287 ergo
567 2232 788 2288 Virgilius
823 2247 898 2276 eos
930 2233 1121 2289 perfecit
1153 2233 1422 2289 adiungens:

448 2313 522 2357 Sic
553 2328 634 2357 vos
667 2329 756 2358 non
788 2316 917 2359 vobis
950 2316 1120 2358 vellera
1155 2316 1281 2359 fertis
1315 2329 1420 2359 oves

448 2383 522 2427 Sic
553 2398 634 2427 vos
666 2398 756 2427 non
790 2386 917 2429 vobis
948 2386 1078 2429 fertis
1112 2387 1305 2442 ara[tra]
1340 2387 1477 2429 boves

447 2453 521 2498 Sic
553 2469 633 2498 vos
666 2470 755 2498 non
787 2457 916 2500 vobis
948 2457 1222 2500 mellificatis
1256 2470 1376 2513 apes.

375 2537 436 2579 Ut
482 2537 624 2593 igitur
671 2551 854 2581 cursum
890 2553 981 2581 non
1013 2539 1211 2582 feceritis
1243 2540 1484 2582 invacuum
1519 2553 1619 2581 cum
1653 2537 1863 2594 apostolo

236 2611 385 2650 aerem
426 2609 723 2661 verberando,
755 2609 963 2664 perficiat
994 2610 1117 2652 Deus
1159 2610 1359 2653 omnium
1392 2612 1608 2665 operator
1639 2610 1862 2652 bonorum

233 2691 315 2734 per
352 2692 514 2722 manus
552 2681 730 2722 vestras
769 2679 922 2721 omnia
954 2681 1220 2736 supradicta
1253 2714 1261 2722 .
1298 2714 1306 2722 .
1342 2714 1350 2722 .
1414 2680 1536 2722 Data
1567 2679 1759 2735 Neapoli
1791 2679 1864 2720 die

233 2749 376 2791 XVII.
410 2749 565 2791 Madii.

376 2842 466 2878 CRD
495 2843 626 2879 11547.
678 2842 738 2877 Or.
765 2842 848 2886 Pap.
876 2842 951 2886 Ssp.
1001 2842 1125 2878 Dieses
1157 2844 1264 2879 Stiick
1299 2845 1360 2879 hat
1392 2845 1504 2880 Pedro
1536 2846 1732 2881 Ferrandez
1771 2846 1860 2882 auch

235 2901 314 2935 dem
338 2901 473 2946 K‘onige
497 2900 692 2946 mitgeteilt,
724 2901 790 2935 wie
822 2901 876 2936 die
901 2901 1005 2935 Notiz
1036 2902 1098 2936 auf
1127 2903 1191 2937 der
1213 2903 1401 2938 Riickseite
1426 2915 1494 2938 von
1526 2904 1641 2939 seiner
1664 2905 1768 2940 Hand
1798 2905 1858 2939 be-

232 2960 380 2994 kundet:
406 2959 450 2994 Al
475 2971 603 3004 senyor
628 2970 691 3004 rey
715 2959 850 3005 Darago
876 2960 927 2994 sia
951 2960 1047 2997 dada.
1097 2961 1170 2995 Der
1194 2963 1362 2997 Adressat
1386 2973 1457 2997 war
1481 2963 1529 2997 im
1546 2963 1653 2999 Jahre
1680 2965 1772 3000 1316
1797 2975 1860 2998 zur

233 3018 552 3063 Friedensstiftung
582 3019 617 3052 in
642 3018 775 3062 Neapel
806 3019 877 3053 und
903 3018 1073 3059 Palermo,
1123 3020 1171 3054 Er
1202 3020 1344 3056 brachte
1376 3021 1458 3056 aber
1489 3022 1555 3056 den
1581 3022 1731 3057 Frieden
1762 3022 1859 3057 nicht
