2296 3512
900 239 1219 280 —857—

253 353 370 406 quod
403 366 482 396 vos
513 355 797 404 intromititis
830 376 910 405 vos
934 365 988 406 de
1010 367 1230 423 pluribus,
1264 371 1308 413 in
1333 374 1495 429 quibus
1519 378 1713 423 officium
1740 384 1875 427 vobis-

251 422 490 465 comissum
512 424 661 469 locum
684 443 772 472 non
795 432 952 476 habet:
986 435 1154 481 idcirco
1177 442 1305 485 vobis
1329 447 1610 501 mandamus,
1645 455 1868 506 quatenus

248 490 357 535 visis
400 497 686 549 presentibus
731 514 831 543 cum
876 508 1096 562 rescripto
1140 514 1382 564 potestatis
1427 518 1555 561 vobis
1601 521 1764 565 collate
1810 526 1868 567 ad

248 566 450 606 nostram
494 569 775 621 presenciam
820 574 1025 618 veniatis.
1089 578 1194 621 Dat.
1236 581 1519 630 Terrachone
1558 590 1613 632 X.
1649 592 1873 638 kalendas«

245 632 479 676 Februarii
512 649 629 680 anno
662 640 832 684 domini
863 643 1024 689 MCCC
1055 651 1363 696 nonodecimo.

384 703 466 749 Reg.
493 705 563 741 246
587 707 645 742 fol.
672 709 751 744 247.

245 845 341 887 538.
373 846 535 902 Jayme
572 850 639 892 II.
678 864 736 894 an
768 855 968 899 Bischof
998 859 1229 904 Raimund
1267 876 1354 907 von
1393 868 1558 922 Urgel:
1598 874 1689 915 soll
1728 878 1868 920 einen

241 914 291 956 in
333 916 487 959 seiner
523 919 717 965 Diiizese
758 925 1049 981 gesangenen
1090 931 1347 977 Haretiker
1387 938 1473 980 fiir
1513 942 1613 984 sich
1654 944 1870 1002 sordem,

241 984 298 1027 da
330 986 413 1028 der
444 988 590 1043 Papst
622 992 705 1035 ihn
737 994 841 1038 dem
869 998 1133 1052 Inquisitor
1154 1015 1240 1046 von
1265 1003 1576 1055 Carcassonne
1598 1015 1862 1069 iibergeben

682 1065 795 1107 will.
859 1067 1042 1113 Gerona
1074 1071 1184 1115 1321
1217 1076 1318 1118 Juli
1351 1077 1420 1121 10.

377 1151 577 1197 Jacobus
611 1161 690 1200 etc.
726 1162 973 1205 venerabili
994 1164 1039 1206 in
1063 1164 1245 1211 Christo
1268 1171 1390 1225 patri
1411 1173 1545 1217 fratri
1568 1177 1860 1238 maimundo]

239 1219 390 1263 divina
422 1225 711 1277 providencia
733 1230 987 1287 Urgellensi
1021 1236 1230 1293 episcopo
1264 1243 1346 1283 etc.
1410 1242 1522 1287 Cum
1556 1249 1612 1290 ad
1644 1250 1860 1295 noticiam

236 1294 441 1335 nostram
473 1296 652 1340 noviter
683 1300 743 1342 sit
775 1303 1037 1359 deductum,
1072 1310 1193 1363 quod
1225 1311 1409 1366 quidam
1442 1315 1666 1362 hereticus
1699 1326 1867 1378 eaptus

237 1361 462 1406 detinetur
491 1365 539 1408 in
572 1371 721 1413 castro
747 1372 887 1426 Bono,
921 1375 997 1430 qui
1020 1378 1201 1433 quidem
1224 1381 1350 1426 locus
1373 1386 1455 1427 sub
1479 1391 1635 1431 nostro
1660 1392 1859 1437 dominio

236 1444 333 1474 esse
377 1434 640 1492 dinoscitur,
687 1444 730 1483 et
772 1443 1066 1499 inquisitores
1111 1451 1207 1493 dati
1253 1466 1279 1494 a
1322 1456 1427 1498 sede
1473 1461 1723 1514 apostolica
1768 1464 1858 1507 sint

236 1505 435 1548 concessi
481 1507 527 1549 in
573 1512 670 1553 tota
713 1515 948 1568 provincia
993 1518 1349 1568 Terrachonensi
1382 1528 1426 1568 et
1459 1526 1858 1588 Cesaraugustana

232 1572 447 1631 locusque
469 1581 700 1633 predictus
723 1585 776 1626 de
795 1589 945 1630 castro
963 1588 1089 1633 Bono
1113 1592 1174 1635 sit
1197 1598 1344 1638 vestre
1367 1597 1578 1644 diocesis:
1599 1616 1651 1644 ea
1668 1608 1866 1660 propter·

232 1657 312 1688 vos
344 1648 629 1705 requirimus,
663 1657 713 1696 ut
745 1655 915 1700 dictum
947 1659 1192 1705 hereticum
1222 1667 1368 1710 modis
1391 1671 1599 1714 omnibus
1623 1676 1863 1730 repetatis,

233 1718 276 1756 et
309 1730 408 1759 cum
441 1732 620 1764 summa
641 1725 944 1772 sollicitudine
968 1734 1187 1776 custodiri
1208 1735 1402 1791 faciatis,
1438 1754 1534 1784 cum
1561 1744 1621 1785 sit
1646 1746 1854 1790 voluntas

233 1785 401 1830 domini
432 1804 568 1846 pape,
603 1795 723 1848 quod
757 1797 903 1842 dictus
935 1801 1161 1847 hereticus
1192 1806 1453 1863 inquisitori
1486 1811 1852 1871 Carcassonensi‚

233 1857 308 1911 qui
340 1872 421 1914 pro
456 1861 550 1905 eius
584 1866 796 1920 capcione
829 1870 904 1912 diu
928 1874 971 1914 et
992 1873 1129 1930 longo
1151 1879 1354 1933 tempore
1376 1880 1617 1938 laboravit,
1650 1888 1863 1931 totaliter·

231 1927 290 1969 sit
322 1931 580 1976 tradendus.
644 1936 812 1981 Verum
846 1954 945 1984 cum
978 1944 1219 2001 religiosus
1251 1948 1395 1992 frater
1425 1954 1479 1994 A.
1513 1954 1750 2011 Burgueti,
1785 1959 1852 2001 in-

232 1998 423 2052 quisitor
444 2002 639 2048 heretice
660 2010 905 2062 pravitatis
927 2013 973 2055 in
998 2015 1131 2059 dictis
1152 2020 1400 2073 provinciis
1423 2036 1449 2064 a
1471 2026 1576 2067 sede
1599 2029 1852 2083 apostolica

230 2068 463 2126 delegatus
503 2087 638 2131 super
668 2080 886 2133 predictis
927 2084 1083 2129 mittat
1117 2089 1173 2130 ad
1206 2104 1286 2134 vos
1325 2091 1514 2137 fratrem
1552 2096 1598 2138 P.
1638 2099 1855 2144 Oliveriis-

228 2139 424 2193 priorem
453 2143 720 2202 Ceruarum,
753 2151 933 2198 faciatis
967 2158 1133 2213 omnia,
1167 2174 1254 2216 que
1288 2164 1345 2205 ad
1369 2166 1627 2220 capcionem
1651 2183 1729 2213 seu
1753 2185 1852 2215 cus-

227 2210 399 2254 todiam
443 2215 511 2256 vel
553 2216 765 2263 ducatum
805 2223 913 2267 dicti
945 2226 1132 2271 heretici
1173 2232 1401 2285 pertinent
1432 2237 1485 2278 de
1519 2240 1708 2283 consilio
1741 2241 1855 2285 dicti

226 2279 396 2325 fratris.
431 2284 533 2327 Dat.
549 2286 758 2334 Gerunde
770 2293 844 2336 VI.
860 2295 962 2340 idus
972 2298 1000 2339 J
1004 2299 1083 2341 ulii
1102 2314 1219 2345 anno
1239 2304 1408 2347 domini
1419 2306 1668 2352 MCCOXX
1685 2312 1846 2367 primo.

366 2353 450 2398 Reg.
477 2354 546 2391 248
571 2357 632 2392 fol.
658 2358 738 2396 246.

226 2494 322 2535 539.
355 2496 517 2551 Jayme
548 2500 614 2542 ΙΙ.
648 2513 706 2544 an
739 2504 1018 2551 Erzbischof
1043 2510 1292 2557 Eximinus
1324 2517 1417 2559 und
1452 2519 1532 2562 das
1557 2521 1853 2567 Provinzial·

222 2562 400 2607 konzil:
444 2568 744 2626 Erinnerung
790 2588 847 2617 an
894 2577 970 2620 die
1006 2580 1185 2637 Zusage
1236 2585 1316 2628 des
1361 2590 1694 2635 verstorbenen
1738 2595 1853 2637 ΕΓΖ·-

222 2635 429 2679 bischofs
462 2639 537 2681 ein
571 2640 730 2686 Statut
761 2657 909 2699 gegen
950 2649 1026 2692 die
1057 2655 1500 2702 verbrecherischen
1532 2662 1757 2707 Kleriker
1788 2679 1843 2708 zu

221 2707 429 2761 macheu,
462 2712 665 2755 weshalb
698 2714 782 2757 der
811 2716 969 2773 Kiim’g
1001 2722 1128 2765 seine
1160 2725 1470 2784 Verordnung
1497 2733 1681 2777 sistiert
1708 2736 1842 2790 habe,

220 2777 314 2818 und
346 2791 404 2820 an
437 2780 525 2822 den
556 2782 806 2829 Beschluss
838 2787 918 2830 des
949 2790 1125 2835 letzten
1150 2795 1618 2856 Provinzialkonzils,
1651 2804 1735 2848 der
1767 2806 1850 2849 dic-

222 2845 366 2891 Sache
382 2852 502 2893 noch
522 2855 892 2901 verschlechtert
913 2860 1046 2915 habe,
1069 2876 1124 2906 zu
1146 2865 1250 2909 (lem
1271 2870 1404 2912 nicht
1426 2872 1645 2924 gehalten
1667 2877 1839 2928 werde;

219 2918 566 2977 Aufforderung
597 2924 677 2967 fiir
708 2930 981 2982 energische
1012 2933 1205 2979 Abhilfe
1236 2951 1291 2980 zu
1313 2951 1498 2995 sorgen,
1525 2946 1656 2987 sonst
1681 2948 1840 2990 wi'lrde

220 2988 302 3030 ‹ler
338 2990 496 3047 Konig
532 2995 823 3052 selbstiindig
868 3003 1116 3055 vorgehen.
1150 3031 1204 3036 —
1236 3009 1513 3066 Forderung
1559 3014 1640 3058 das
1682 3015 1839 3060 Statut
