<?xml version="1.0" encoding="UTF-8"?>
<!DOCTYPE html PUBLIC "-//W3C//DTD XHTML 1.0 Transitional//EN"
    "http://www.w3.org/TR/xhtml1/DTD/xhtml1-transitional.dtd">
<html xmlns="http://www.w3.org/1999/xhtml" xml:lang="en" lang="en">
 <head>
  <title>
</title>
<meta http-equiv="Content-Type" content="text/html;charset=utf-8" />
  <meta name='ocr-system' content='tesseract 3.04.00' />
  <meta name='ocr-capabilities' content='ocr_page ocr_carea ocr_par ocr_line ocrx_word'/>
</head>
<body>
  <div class='ocr_page' id='page_1' title='image "./actaaragonensiaq02finkuoft_0420.png"; bbox 0 0 2296 3512; ppageno 0'>
   <div class='ocr_carea' id='block_1_1' title="bbox 1060 233 1380 273">
    <p class='ocr_par' dir='ltr' id='par_1_1' title="bbox 1060 233 1380 273">
     <span class='ocr_line' id='line_1_1' title="bbox 1060 233 1380 273; baseline 0.003 -1"><span class='ocrx_word' id='word_1_1' title='bbox 1060 233 1380 273; x_wconf 80' lang='lat'>-924—</span> 
     </span>
    </p>
   </div>
   <div class='ocr_carea' id='block_1_2' title="bbox 410 358 2034 556">
    <p class='ocr_par' dir='ltr' id='par_1_2' title="bbox 410 358 2034 556">
     <span class='ocr_line' id='line_1_2' title="bbox 411 358 2034 415; baseline 0.003 -16"><span class='ocrx_word' id='word_1_2' title='bbox 411 358 572 399; x_wconf 80' lang='lat' dir='ltr'>soweit</span> <span class='ocrx_word' id='word_1_3' title='bbox 619 369 671 400; x_wconf 91' lang='lat' dir='ltr'>er</span> <span class='ocrx_word' id='word_1_4' title='bbox 717 370 765 400; x_wconf 89' lang='lat' dir='ltr'>es</span> <span class='ocrx_word' id='word_1_5' title='bbox 809 360 928 401; x_wconf 86' lang='lat' dir='ltr'>noch</span> <span class='ocrx_word' id='word_1_6' title='bbox 974 360 1063 401; x_wconf 87' lang='lat' dir='ltr'>mit</span> <span class='ocrx_word' id='word_1_7' title='bbox 1100 360 1204 402; x_wconf 81' lang='lat' dir='ltr'>(lem</span> <span class='ocrx_word' id='word_1_8' title='bbox 1237 360 1441 402; x_wconf 85' lang='lat' dir='ltr'>Kristall</span> <span class='ocrx_word' id='word_1_9' title='bbox 1472 360 1565 403; x_wconf 84' lang='lat' dir='ltr'>und</span> <span class='ocrx_word' id='word_1_10' title='bbox 1597 362 1838 415; x_wconf 84' lang='lat' dir='ltr'>sonstigen</span> <span class='ocrx_word' id='word_1_11' title='bbox 1868 362 2034 405; x_wconf 82' lang='lat' dir='ltr'>Hiilfs·</span> 
     </span>
     <span class='ocr_line' id='line_1_3' title="bbox 410 428 2034 484; baseline 0.004 -16"><span class='ocrx_word' id='word_1_12' title='bbox 410 428 599 470; x_wconf 88' lang='lat' dir='ltr'>mitteln</span> <span class='ocrx_word' id='word_1_13' title='bbox 630 428 758 470; x_wconf 87' lang='lat' dir='ltr'>lesen</span> <span class='ocrx_word' id='word_1_14' title='bbox 789 429 983 481; x_wconf 80' lang='lat' dir='ltr'>konnte3</span> <span class='ocrx_word' id='word_1_15' title='bbox 1016 430 1160 472; x_wconf 89' lang='lat' dir='ltr'>bittet</span> <span class='ocrx_word' id='word_1_16' title='bbox 1191 431 1279 473; x_wconf 86' lang='lat' dir='ltr'>den</span> <span class='ocrx_word' id='word_1_17' title='bbox 1301 430 1471 484; x_wconf 69' lang='lat' dir='ltr'>Kiinig,</span> <span class='ocrx_word' id='word_1_18' title='bbox 1505 431 1608 473; x_wconf 83' lang='lat' dir='ltr'>dass</span> <span class='ocrx_word' id='word_1_19' title='bbox 1641 433 1814 475; x_wconf 87' lang='lat' dir='ltr'>seinem</span> <span class='ocrx_word' id='word_1_20' title='bbox 1837 433 2034 476; x_wconf 84' lang='lat' dir='ltr'>Kloster</span> 
     </span>
     <span class='ocr_line' id='line_1_4' title="bbox 527 498 1910 556; baseline 0.004 -16"><span class='ocrx_word' id='word_1_21' title='bbox 527 498 636 540; x_wconf 84' lang='lat' dir='ltr'>kein</span> <span class='ocrx_word' id='word_1_22' title='bbox 668 499 879 542; x_wconf 84' lang='lat' dir='ltr'>Nachteil</span> <span class='ocrx_word' id='word_1_23' title='bbox 911 500 1078 542; x_wconf 84' lang='lat' dir='ltr'>daraus</span> <span class='ocrx_word' id='word_1_24' title='bbox 1112 502 1338 544; x_wconf 85' lang='lat' dir='ltr'>entstehe.</span> <span class='ocrx_word' id='word_1_25' title='bbox 1391 501 1573 556; x_wconf 61' lang='grc'><strong>(13061)</strong></span> <span class='ocrx_word' id='word_1_26' title='bbox 1613 502 1810 546; x_wconf 78' lang='lat' dir='ltr'><strong>October</strong></span> <span class='ocrx_word' id='word_1_27' title='bbox 1842 503 1910 546; x_wconf 83' lang='lat'>13.</span> 
     </span>
    </p>
   </div>
   <div class='ocr_carea' id='block_1_3' title="bbox 399 592 2037 1926">
    <p class='ocr_par' dir='ltr' id='par_1_3' title="bbox 399 592 2037 1926">
     <span class='ocr_line' id='line_1_5' title="bbox 550 592 2028 654; baseline 0.005 -21"><span class='ocrx_word' id='word_1_28' title='bbox 550 592 711 634; x_wconf 83' lang='lat' dir='ltr'>Vestre</span> <span class='ocrx_word' id='word_1_29' title='bbox 737 593 859 649; x_wconf 77' lang='lat' dir='ltr'>regie</span> <span class='ocrx_word' id='word_1_30' title='bbox 884 595 978 648; x_wconf 69' lang='lat' dir='ltr'>aea)</span> <span class='ocrx_word' id='word_1_31' title='bbox 1003 594 1304 637; x_wconf 73' lang='lat' dir='ltr'>dominacioni</span> <span class='ocrx_word' id='word_1_32' title='bbox 1329 597 1566 651; x_wconf 85' lang='lat' dir='ltr'>magnifice</span> <span class='ocrx_word' id='word_1_33' title='bbox 1590 598 1875 654; x_wconf 73' lang='lat' dir='ltr'>presentibus</span> <span class='ocrx_word' id='word_1_34' title='bbox 1904 601 2028 652; x_wconf 88' lang='lat' dir='ltr'>pate-</span> 
     </span>
     <span class='ocr_line' id='line_1_6' title="bbox 408 661 2029 721; baseline 0.004 -18"><span class='ocrx_word' id='word_1_35' title='bbox 408 661 489 703; x_wconf 87' lang='lat' dir='ltr'>fiat</span> <span class='ocrx_word' id='word_1_36' title='bbox 531 676 604 704; x_wconf 89' lang='lat' dir='ltr'>me</span> <span class='ocrx_word' id='word_1_37' title='bbox 636 664 764 706; x_wconf 80' lang='lat' dir='ltr'>vobis</span> <span class='ocrx_word' id='word_1_38' title='bbox 798 664 957 706; x_wconf 89' lang='lat' dir='ltr'>mitere</span> <span class='ocrx_word' id='word_1_39' title='bbox 991 668 1353 721; x_wconf 88' lang='lat' dir='ltr'>transsumptum</span> <span class='ocrx_word' id='word_1_40' title='bbox 1386 668 1438 709; x_wconf 91' lang='lat' dir='ltr'>de</span> <span class='ocrx_word' id='word_1_41' title='bbox 1474 669 1607 710; x_wconf 79' lang='lat' dir='ltr'>verbo</span> <span class='ocrx_word' id='word_1_42' title='bbox 1649 669 1705 711; x_wconf 90' lang='lat' dir='ltr'>ad</span> <span class='ocrx_word' id='word_1_43' title='bbox 1737 669 1944 720; x_wconf 74' lang='lat' dir='ltr'>verbum,</span> <span class='ocrx_word' id='word_1_44' title='bbox 1983 668 2029 710; x_wconf 89' lang='lat' dir='ltr'>in</span> 
     </span>
     <span class='ocr_line' id='line_1_7' title="bbox 408 734 2027 795; baseline 0.004 -21"><span class='ocrx_word' id='word_1_45' title='bbox 408 736 627 788; x_wconf 88' lang='lat' dir='ltr'>quantum</span> <span class='ocrx_word' id='word_1_46' title='bbox 672 734 761 789; x_wconf 84' lang='lat' dir='ltr'>legi</span> <span class='ocrx_word' id='word_1_47' title='bbox 804 738 955 790; x_wconf 89' lang='lat' dir='ltr'>potest</span> <span class='ocrx_word' id='word_1_48' title='bbox 1003 735 1205 778; x_wconf 82' lang='lat' dir='ltr'>cristallo</span> <span class='ocrx_word' id='word_1_49' title='bbox 1251 740 1294 779; x_wconf 92' lang='lat' dir='ltr'>et</span> <span class='ocrx_word' id='word_1_50' title='bbox 1339 737 1440 781; x_wconf 90' lang='lat' dir='ltr'>aliis</span> <span class='ocrx_word' id='word_1_51' title='bbox 1473 739 1639 791; x_wconf 86' lang='lat' dir='ltr'>modis,</span> <span class='ocrx_word' id='word_1_52' title='bbox 1687 739 1848 795; x_wconf 89' lang='lat' dir='ltr'>quibus</span> <span class='ocrx_word' id='word_1_53' title='bbox 1886 738 2027 794; x_wconf 78' lang='lat' dir='ltr'>potui,</span> 
     </span>
     <span class='ocr_line' id='line_1_8' title="bbox 408 804 2030 865; baseline 0.003 -20"><span class='ocrx_word' id='word_1_54' title='bbox 408 817 507 845; x_wconf 89' lang='lat' dir='ltr'>cum</span> <span class='ocrx_word' id='word_1_55' title='bbox 541 804 602 846; x_wconf 89' lang='lat' dir='ltr'>sit</span> <span class='ocrx_word' id='word_1_56' title='bbox 640 804 685 846; x_wconf 90' lang='lat' dir='ltr'>in</span> <span class='ocrx_word' id='word_1_57' title='bbox 728 805 955 860; x_wconf 88' lang='lat' dir='ltr'>aliquibus</span> <span class='ocrx_word' id='word_1_58' title='bbox 993 806 1104 849; x_wconf 89' lang='lat' dir='ltr'>locis</span> <span class='ocrx_word' id='word_1_59' title='bbox 1140 812 1361 850; x_wconf 76' lang='lat' dir='ltr'>vetustate</span> <span class='ocrx_word' id='word_1_60' title='bbox 1405 809 1614 862; x_wconf 80' lang='lat' dir='ltr'>deletum,</span> <span class='ocrx_word' id='word_1_61' title='bbox 1647 809 1768 853; x_wconf 87' lang='lat' dir='ltr'>illius</span> <span class='ocrx_word' id='word_1_62' title='bbox 1801 809 2030 865; x_wconf 68' lang='lat' dir='ltr'>privilegii</span> 
     </span>
     <span class='ocr_line' id='line_1_9' title="bbox 409 874 2031 936; baseline 0.004 -21"><span class='ocrx_word' id='word_1_63' title='bbox 409 874 578 917; x_wconf 85' lang='lat' dir='ltr'>Montis</span> <span class='ocrx_word' id='word_1_64' title='bbox 612 876 891 931; x_wconf 79' lang='lat' dir='ltr'>Aragonum,</span> <span class='ocrx_word' id='word_1_65' title='bbox 940 877 978 919; x_wconf 88' lang='lat' dir='ltr'>si</span> <span class='ocrx_word' id='word_1_66' title='bbox 1023 877 1311 934; x_wconf 82' lang='lat' dir='ltr'>privilegium</span> <span class='ocrx_word' id='word_1_67' title='bbox 1345 879 1430 921; x_wconf 91' lang='lat' dir='ltr'>dici</span> <span class='ocrx_word' id='word_1_68' title='bbox 1466 881 1645 932; x_wconf 75' lang='lat' dir='ltr'>debeat,</span> <span class='ocrx_word' id='word_1_69' title='bbox 1692 881 1745 922; x_wconf 93' lang='lat' dir='ltr'>de</span> <span class='ocrx_word' id='word_1_70' title='bbox 1785 894 1872 936; x_wconf 89' lang='lat' dir='ltr'>quo</span> <span class='ocrx_word' id='word_1_71' title='bbox 1905 883 2031 922; x_wconf 86' lang='lat' dir='ltr'>tran-</span> 
     </span>
     <span class='ocr_line' id='line_1_10' title="bbox 406 949 2028 1007; baseline 0.004 -21"><span class='ocrx_word' id='word_1_72' title='bbox 406 949 636 1000; x_wconf 81' lang='lat' dir='ltr'>sumptum</span> <span class='ocrx_word' id='word_1_73' title='bbox 681 959 707 988; x_wconf 86' lang='lat' dir='ltr'>a</span> <span class='ocrx_word' id='word_1_74' title='bbox 743 961 814 988; x_wconf 87' lang='lat' dir='ltr'>me</span> <span class='ocrx_word' id='word_1_75' title='bbox 856 961 937 1003; x_wconf 88' lang='lat' dir='ltr'>per</span> <span class='ocrx_word' id='word_1_76' title='bbox 974 952 1150 991; x_wconf 85' lang='lat' dir='ltr'>vestras</span> <span class='ocrx_word' id='word_1_77' title='bbox 1182 949 1360 991; x_wconf 75' lang='lat' dir='ltr'>litteras</span> <span class='ocrx_word' id='word_1_78' title='bbox 1394 951 1690 993; x_wconf 69' lang='lat' dir='ltr'>demandatis.</span> <span class='ocrx_word' id='word_1_79' title='bbox 1754 952 1805 992; x_wconf 88' lang='lat' dir='ltr'>In</span> <span class='ocrx_word' id='word_1_80' title='bbox 1838 952 1936 1007; x_wconf 88' lang='lat' dir='ltr'>ipso</span> <span class='ocrx_word' id='word_1_81' title='bbox 1970 951 2028 992; x_wconf 93' lang='lat' dir='ltr'>si-</span> 
     </span>
     <span class='ocr_line' id='line_1_11' title="bbox 407 1015 2037 1077; baseline 0.005 -21"><span class='ocrx_word' id='word_1_82' title='bbox 407 1015 590 1070; x_wconf 89' lang='lat' dir='ltr'>quidem</span> <span class='ocrx_word' id='word_1_83' title='bbox 632 1017 756 1059; x_wconf 90' lang='lat' dir='ltr'>nulla</span> <span class='ocrx_word' id='word_1_84' title='bbox 795 1018 920 1060; x_wconf 84' lang='lat' dir='ltr'>bulla</span> <span class='ocrx_word' id='word_1_85' title='bbox 952 1019 1106 1062; x_wconf 82' lang='lat' dir='ltr'>existit</span> <span class='ocrx_word' id='word_1_86' title='bbox 1137 1033 1230 1072; x_wconf 82' lang='lat' dir='ltr'>nec,</span> <span class='ocrx_word' id='word_1_87' title='bbox 1275 1021 1394 1075; x_wconf 87' lang='lat' dir='ltr'>quod</span> <span class='ocrx_word' id='word_1_88' title='bbox 1427 1021 1486 1063; x_wconf 93' lang='lat' dir='ltr'>sit</span> <span class='ocrx_word' id='word_1_89' title='bbox 1523 1024 1873 1077; x_wconf 79' lang='lat' dir='ltr'>transumptum,</span> <span class='ocrx_word' id='word_1_90' title='bbox 1906 1021 2037 1064; x_wconf 82' lang='lat' dir='ltr'>nulla.</span> 
     </span>
     <span class='ocr_line' id='line_1_12' title="bbox 404 1086 2029 1148; baseline 0.004 -21"><span class='ocrx_word' id='word_1_91' title='bbox 404 1086 598 1129; x_wconf 89' lang='lat' dir='ltr'>habetur</span> <span class='ocrx_word' id='word_1_92' title='bbox 629 1089 797 1131; x_wconf 90' lang='lat' dir='ltr'>mentio</span> <span class='ocrx_word' id='word_1_93' title='bbox 830 1090 875 1132; x_wconf 91' lang='lat' dir='ltr'>in</span> <span class='ocrx_word' id='word_1_94' title='bbox 909 1092 1078 1144; x_wconf 84' lang='lat' dir='ltr'>eodem,</span> <span class='ocrx_word' id='word_1_95' title='bbox 1116 1095 1252 1147; x_wconf 91' lang='lat' dir='ltr'>prout</span> <span class='ocrx_word' id='word_1_96' title='bbox 1284 1092 1329 1134; x_wconf 90' lang='lat' dir='ltr'>in</span> <span class='ocrx_word' id='word_1_97' title='bbox 1361 1093 1505 1148; x_wconf 90' lang='lat' dir='ltr'>ipsius</span> <span class='ocrx_word' id='word_1_98' title='bbox 1539 1096 1707 1147; x_wconf 81' lang='lat' dir='ltr'>tenore,</span> <span class='ocrx_word' id='word_1_99' title='bbox 1742 1094 1794 1135; x_wconf 87' lang='lat' dir='ltr'>de</span> <span class='ocrx_word' id='word_1_100' title='bbox 1829 1105 1915 1148; x_wconf 90' lang='lat' dir='ltr'>quo</span> <span class='ocrx_word' id='word_1_101' title='bbox 1949 1106 2029 1134; x_wconf 89' lang='lat' dir='ltr'>nec</span> 
     </span>
     <span class='ocr_line' id='line_1_13' title="bbox 403 1156 2030 1219; baseline 0.004 -21"><span class='ocrx_word' id='word_1_102' title='bbox 403 1156 571 1211; x_wconf 81' lang='lat' dir='ltr'>littera,</span> <span class='ocrx_word' id='word_1_103' title='bbox 612 1159 656 1200; x_wconf 90' lang='lat' dir='ltr'>in</span> <span class='ocrx_word' id='word_1_104' title='bbox 706 1164 924 1215; x_wconf 81' lang='lat' dir='ltr'>quantum</span> <span class='ocrx_word' id='word_1_105' title='bbox 957 1162 1045 1217; x_wconf 86' lang='lat' dir='ltr'>legi</span> <span class='ocrx_word' id='word_1_106' title='bbox 1078 1167 1242 1218; x_wconf 78' lang='lat' dir='ltr'>potest,</span> <span class='ocrx_word' id='word_1_107' title='bbox 1276 1177 1357 1205; x_wconf 85' lang='lat' dir='ltr'>nec</span> <span class='ocrx_word' id='word_1_108' title='bbox 1389 1164 1566 1219; x_wconf 82' lang='lat' dir='ltr'>signum</span> <span class='ocrx_word' id='word_1_109' title='bbox 1600 1165 1671 1207; x_wconf 82' lang='lat' dir='ltr'>vel</span> <span class='ocrx_word' id='word_1_110' title='bbox 1704 1163 1875 1219; x_wconf 85' lang='lat' dir='ltr'>aliquid</span> <span class='ocrx_word' id='word_1_111' title='bbox 1908 1163 2030 1205; x_wconf 86' lang='lat' dir='ltr'>aliud</span> 
     </span>
     <span class='ocr_line' id='line_1_14' title="bbox 405 1228 2028 1290; baseline 0.004 -21"><span class='ocrx_word' id='word_1_112' title='bbox 405 1228 567 1280; x_wconf 76' lang='lat' dir='ltr'>deficit,</span> <span class='ocrx_word' id='word_1_113' title='bbox 600 1231 810 1284; x_wconf 86' lang='lat' dir='ltr'>poteritis</span> <span class='ocrx_word' id='word_1_114' title='bbox 843 1231 1022 1273; x_wconf 90' lang='lat' dir='ltr'>intueri.</span> <span class='ocrx_word' id='word_1_115' title='bbox 1085 1233 1253 1275; x_wconf 75' lang='lat' dir='ltr'>Verum</span> <span class='ocrx_word' id='word_1_116' title='bbox 1288 1247 1387 1275; x_wconf 88' lang='lat' dir='ltr'>cum</span> <span class='ocrx_word' id='word_1_117' title='bbox 1417 1234 1506 1276; x_wconf 85' lang='lat' dir='ltr'>iam</span> <span class='ocrx_word' id='word_1_118' title='bbox 1532 1234 1700 1277; x_wconf 89' lang='lat' dir='ltr'>dictum</span> <span class='ocrx_word' id='word_1_119' title='bbox 1724 1234 2028 1290; x_wconf 83' lang='lat' dir='ltr'>privilegium,</span> 
     </span>
     <span class='ocr_line' id='line_1_15' title="bbox 403 1298 2034 1360; baseline 0.004 -20"><span class='ocrx_word' id='word_1_120' title='bbox 403 1298 441 1340; x_wconf 91' lang='lat' dir='ltr'>si</span> <span class='ocrx_word' id='word_1_121' title='bbox 485 1299 714 1355; x_wconf 71' lang='lat' dir='ltr'>privilegii</span> <span class='ocrx_word' id='word_1_122' title='bbox 758 1316 921 1344; x_wconf 88' lang='lat' dir='ltr'>nomen</span> <span class='ocrx_word' id='word_1_123' title='bbox 965 1308 1195 1345; x_wconf 87' lang='lat' dir='ltr'>mereatur</span> <span class='ocrx_word' id='word_1_124' title='bbox 1238 1305 1419 1356; x_wconf 72' lang='lat' dir='ltr'>habere,</span> <span class='ocrx_word' id='word_1_125' title='bbox 1465 1319 1547 1360; x_wconf 90' lang='lat' dir='ltr'>pro</span> <span class='ocrx_word' id='word_1_126' title='bbox 1580 1305 1678 1347; x_wconf 87' lang='lat' dir='ltr'>loco</span> <span class='ocrx_word' id='word_1_127' title='bbox 1712 1305 1879 1348; x_wconf 87' lang='lat' dir='ltr'>Montis</span> <span class='ocrx_word' id='word_1_128' title='bbox 1913 1306 2034 1346; x_wconf 79' lang='lat' dir='ltr'>Ara-</span> 
     </span>
     <span class='ocr_line' id='line_1_16' title="bbox 403 1370 2029 1431; baseline 0.004 -20"><span class='ocrx_word' id='word_1_129' title='bbox 403 1382 571 1424; x_wconf 88' lang='lat' dir='ltr'>gonum</span> <span class='ocrx_word' id='word_1_130' title='bbox 604 1370 752 1414; x_wconf 86' lang='lat' dir='ltr'>facere</span> <span class='ocrx_word' id='word_1_131' title='bbox 783 1373 1015 1416; x_wconf 73' lang='lat' dir='ltr'>videatur:</span> <span class='ocrx_word' id='word_1_132' title='bbox 1050 1378 1292 1430; x_wconf 80' lang='lat' dir='ltr'>eapropter</span> <span class='ocrx_word' id='word_1_133' title='bbox 1319 1379 1468 1418; x_wconf 85' lang='lat' dir='ltr'>vestre</span> <span class='ocrx_word' id='word_1_134' title='bbox 1492 1376 1748 1419; x_wconf 89' lang='lat' dir='ltr'>celsitudini</span> <span class='ocrx_word' id='word_1_135' title='bbox 1770 1376 1892 1431; x_wconf 78' lang='lat' dir='ltr'>regie</span> <span class='ocrx_word' id='word_1_136' title='bbox 1916 1376 2029 1418; x_wconf 86' lang='lat' dir='ltr'>duco</span> 
     </span>
     <span class='ocr_line' id='line_1_17' title="bbox 401 1440 2026 1503; baseline 0.004 -22"><span class='ocrx_word' id='word_1_137' title='bbox 401 1440 633 1483; x_wconf 86' lang='lat' dir='ltr'>humiliter</span> <span class='ocrx_word' id='word_1_138' title='bbox 674 1443 1010 1498; x_wconf 72' lang='lat' dir='ltr'>suplicandum,</span> <span class='ocrx_word' id='word_1_139' title='bbox 1056 1449 1293 1500; x_wconf 70' lang='lat' dir='ltr'>quatenus,</span> <span class='ocrx_word' id='word_1_140' title='bbox 1340 1447 1378 1488; x_wconf 90' lang='lat' dir='ltr'>si</span> <span class='ocrx_word' id='word_1_141' title='bbox 1410 1447 1661 1490; x_wconf 82' lang='lat' dir='ltr'>habueritis</span> <span class='ocrx_word' id='word_1_142' title='bbox 1694 1447 1843 1503; x_wconf 90' lang='lat' dir='ltr'>ipsum</span> <span class='ocrx_word' id='word_1_143' title='bbox 1876 1459 2026 1489; x_wconf 85' lang='lat' dir='ltr'>neces-</span> 
     </span>
     <span class='ocr_line' id='line_1_18' title="bbox 401 1511 2026 1574; baseline 0.004 -22"><span class='ocrx_word' id='word_1_144' title='bbox 401 1511 572 1553; x_wconf 89' lang='lat' dir='ltr'>sarium</span> <span class='ocrx_word' id='word_1_145' title='bbox 598 1513 666 1554; x_wconf 85' lang='lat' dir='ltr'>vel</span> <span class='ocrx_word' id='word_1_146' title='bbox 689 1514 803 1556; x_wconf 87' lang='lat' dir='ltr'>alias</span> <span class='ocrx_word' id='word_1_147' title='bbox 838 1514 1070 1557; x_wconf 83' lang='lat' dir='ltr'>volueritis</span> <span class='ocrx_word' id='word_1_148' title='bbox 1108 1519 1445 1572; x_wconf 87' lang='lat' dir='ltr'>transumptum</span> <span class='ocrx_word' id='word_1_149' title='bbox 1473 1531 1611 1560; x_wconf 86' lang='lat' dir='ltr'>manu</span> <span class='ocrx_word' id='word_1_150' title='bbox 1636 1518 1819 1574; x_wconf 87' lang='lat' dir='ltr'>publica</span> <span class='ocrx_word' id='word_1_151' title='bbox 1841 1517 2026 1569; x_wconf 84' lang='lat' dir='ltr'>factum,</span> 
     </span>
     <span class='ocr_line' id='line_1_19' title="bbox 400 1581 2027 1644; baseline 0.004 -22"><span class='ocrx_word' id='word_1_152' title='bbox 400 1581 552 1624; x_wconf 82' lang='lat' dir='ltr'>videre</span> <span class='ocrx_word' id='word_1_153' title='bbox 603 1584 814 1639; x_wconf 85' lang='lat' dir='ltr'>dignetur</span> <span class='ocrx_word' id='word_1_154' title='bbox 861 1589 1014 1628; x_wconf 78' lang='lat' dir='ltr'>vestra</span> <span class='ocrx_word' id='word_1_155' title='bbox 1063 1592 1295 1642; x_wconf 82' lang='lat' dir='ltr'>magestas</span> <span class='ocrx_word' id='word_1_156' title='bbox 1336 1588 1482 1643; x_wconf 73' lang='lat' dir='ltr'>regia,</span> <span class='ocrx_word' id='word_1_157' title='bbox 1537 1589 1645 1644; x_wconf 89' lang='lat' dir='ltr'>quid</span> <span class='ocrx_word' id='word_1_158' title='bbox 1692 1603 1763 1631; x_wconf 91' lang='lat' dir='ltr'>me</span> <span class='ocrx_word' id='word_1_159' title='bbox 1817 1591 2027 1644; x_wconf 82' lang='lat' dir='ltr'>oporteat</span> 
     </span>
     <span class='ocr_line' id='line_1_20' title="bbox 399 1651 2027 1715; baseline 0.004 -22"><span class='ocrx_word' id='word_1_160' title='bbox 399 1651 548 1695; x_wconf 82' lang='lat' dir='ltr'>facere</span> <span class='ocrx_word' id='word_1_161' title='bbox 592 1654 637 1696; x_wconf 87' lang='lat' dir='ltr'>iu</span> <span class='ocrx_word' id='word_1_162' title='bbox 685 1655 914 1710; x_wconf 84' lang='lat' dir='ltr'>predictis.</span> <span class='ocrx_word' id='word_1_163' title='bbox 991 1658 1106 1699; x_wconf 87' lang='lat' dir='ltr'>Nam</span> <span class='ocrx_word' id='word_1_164' title='bbox 1148 1662 1336 1713; x_wconf 87' lang='lat' dir='ltr'>paratus</span> <span class='ocrx_word' id='word_1_165' title='bbox 1370 1672 1468 1701; x_wconf 88' lang='lat' dir='ltr'>sum</span> <span class='ocrx_word' id='word_1_166' title='bbox 1502 1660 1665 1713; x_wconf 72' lang='lat' dir='ltr'>facere,</span> <span class='ocrx_word' id='word_1_167' title='bbox 1705 1673 1790 1715; x_wconf 88' lang='lat' dir='ltr'>que</span> <span class='ocrx_word' id='word_1_168' title='bbox 1823 1659 1950 1701; x_wconf 80' lang='lat' dir='ltr'>salva</span> <span class='ocrx_word' id='word_1_169' title='bbox 1983 1661 2027 1700; x_wconf 90' lang='lat' dir='ltr'>et</span> 
     </span>
     <span class='ocr_line' id='line_1_21' title="bbox 399 1723 2025 1786; baseline 0.004 -21"><span class='ocrx_word' id='word_1_170' title='bbox 399 1723 590 1767; x_wconf 85' lang='lat' dir='ltr'>honesta</span> <span class='ocrx_word' id='word_1_171' title='bbox 622 1729 781 1781; x_wconf 87' lang='lat' dir='ltr'>potero</span> <span class='ocrx_word' id='word_1_172' title='bbox 811 1727 1104 1779; x_wconf 75' lang='lat' dir='ltr'>consciencia,</span> <span class='ocrx_word' id='word_1_173' title='bbox 1137 1728 1201 1770; x_wconf 89' lang='lat' dir='ltr'>ita</span> <span class='ocrx_word' id='word_1_174' title='bbox 1233 1730 1352 1784; x_wconf 85' lang='lat' dir='ltr'>quod</span> <span class='ocrx_word' id='word_1_175' title='bbox 1379 1730 1422 1771; x_wconf 89' lang='lat' dir='ltr'>in</span> <span class='ocrx_word' id='word_1_176' title='bbox 1447 1731 1692 1786; x_wconf 87' lang='lat' dir='ltr'>dampnum</span> <span class='ocrx_word' id='word_1_177' title='bbox 1715 1731 1786 1772; x_wconf 79' lang='lat' dir='ltr'>vel</span> <span class='ocrx_word' id='word_1_178' title='bbox 1809 1729 2025 1772; x_wconf 86' lang='lat' dir='ltr'>lesionem</span> 
     </span>
     <span class='ocr_line' id='line_1_22' title="bbox 399 1794 2024 1853; baseline 0.004 -17"><span class='ocrx_word' id='word_1_179' title='bbox 399 1794 655 1850; x_wconf 60' lang='lat' dir='ltr'>Votensisa)</span> <span class='ocrx_word' id='word_1_180' title='bbox 691 1798 874 1839; x_wconf 88' lang='lat' dir='ltr'>ecclesie</span> <span class='ocrx_word' id='word_1_181' title='bbox 904 1798 975 1840; x_wconf 71' lang='lat' dir='ltr'>vel</span> <span class='ocrx_word' id='word_1_182' title='bbox 1008 1799 1199 1841; x_wconf 85' lang='lat' dir='ltr'>alicuius</span> <span class='ocrx_word' id='word_1_183' title='bbox 1235 1800 1422 1843; x_wconf 88' lang='lat' dir='ltr'>alterius</span> <span class='ocrx_word' id='word_1_184' title='bbox 1455 1815 1544 1843; x_wconf 90' lang='lat' dir='ltr'>non</span> <span class='ocrx_word' id='word_1_185' title='bbox 1574 1802 1725 1843; x_wconf 85' lang='lat' dir='ltr'>valeat</span> <span class='ocrx_word' id='word_1_186' title='bbox 1756 1801 2024 1853; x_wconf 83' lang='lat' dir='ltr'>redundare,</span> 
     </span>
     <span class='ocr_line' id='line_1_23' title="bbox 400 1867 2025 1926; baseline 0.004 -20"><span class='ocrx_word' id='word_1_187' title='bbox 400 1878 485 1920; x_wconf 90' lang='lat' dir='ltr'>que</span> <span class='ocrx_word' id='word_1_188' title='bbox 519 1867 693 1910; x_wconf 78' lang='lat' dir='ltr'>excelse</span> <span class='ocrx_word' id='word_1_189' title='bbox 727 1869 1026 1912; x_wconf 89' lang='lat' dir='ltr'>dominationi</span> <span class='ocrx_word' id='word_1_190' title='bbox 1058 1874 1208 1913; x_wconf 74' lang='lat' dir='ltr'>vestre</span> <span class='ocrx_word' id='word_1_191' title='bbox 1240 1871 1463 1926; x_wconf 85' lang='lat' dir='ltr'>placuerit</span> <span class='ocrx_word' id='word_1_192' title='bbox 1495 1886 1566 1914; x_wconf 91' lang='lat' dir='ltr'>me</span> <span class='ocrx_word' id='word_1_193' title='bbox 1598 1872 1839 1914; x_wconf 87' lang='lat' dir='ltr'>facturum.</span> <span class='ocrx_word' id='word_1_194' title='bbox 1904 1872 2025 1913; x_wconf 87' lang='lat' dir='ltr'>Data</span> 
     </span>
    </p>
   </div>
   <div class='ocr_carea' id='block_1_4' title="bbox 394 1936 2024 2346">
    <p class='ocr_par' dir='ltr' id='par_1_4' title="bbox 398 1936 1187 1983">
     <span class='ocr_line' id='line_1_24' title="bbox 398 1936 1187 1983; baseline 0.008 -6"><span class='ocrx_word' id='word_1_195' title='bbox 398 1936 442 1977; x_wconf 92' lang='lat' dir='ltr'>in</span> <span class='ocrx_word' id='word_1_196' title='bbox 475 1937 693 1981; x_wconf 88' lang='lat' dir='ltr'>Fontibus</span> <span class='ocrx_word' id='word_1_197' title='bbox 725 1940 804 1981; x_wconf 89' lang='lat' dir='ltr'>HI.</span> <span class='ocrx_word' id='word_1_198' title='bbox 828 1940 929 1983; x_wconf 90' lang='lat' dir='ltr'>idus</span> <span class='ocrx_word' id='word_1_199' title='bbox 963 1940 1187 1983; x_wconf 85' lang='lat' dir='ltr'>Octobris.</span> 
     </span>
    </p>

    <p class='ocr_par' dir='ltr' id='par_1_5' title="bbox 394 2008 2024 2346">
     <span class='ocr_line' id='line_1_25' title="bbox 539 2008 2021 2057; baseline 0.002 -14"><span class='ocrx_word' id='word_1_200' title='bbox 539 2008 628 2043; x_wconf 81' lang='lat' dir='ltr'>CRD</span> <span class='ocrx_word' id='word_1_201' title='bbox 658 2010 787 2044; x_wconf 78' lang='grc'><strong>12851.</strong></span> <span class='ocrx_word' id='word_1_202' title='bbox 839 2010 896 2044; x_wconf 83' lang='grc'>01.</span> <span class='ocrx_word' id='word_1_203' title='bbox 923 2010 1005 2054; x_wconf 86' lang='lat' dir='ltr'>Pap.</span> <span class='ocrx_word' id='word_1_204' title='bbox 1034 2011 1108 2055; x_wconf 73' lang='lat' dir='ltr'>Ssp.</span> <span class='ocrx_word' id='word_1_205' title='bbox 1159 2012 1375 2046; x_wconf 74' lang='lat' dir='ltr'>Tatsachlich</span> <span class='ocrx_word' id='word_1_206' title='bbox 1407 2013 1519 2047; x_wconf 78' lang='lat' dir='ltr'>findet</span> <span class='ocrx_word' id='word_1_207' title='bbox 1545 2013 1619 2047; x_wconf 87' lang='lat' dir='ltr'>sich</span> <span class='ocrx_word' id='word_1_208' title='bbox 1650 2014 1685 2047; x_wconf 86' lang='lat' dir='ltr'>in</span> <span class='ocrx_word' id='word_1_209' title='bbox 1712 2014 1825 2048; x_wconf 88' lang='lat' dir='ltr'>einem</span> <span class='ocrx_word' id='word_1_210' title='bbox 1851 2012 2021 2057; x_wconf 75' lang='lat' dir='ltr'>Register,</span> 
     </span>
     <span class='ocr_line' id='line_1_26' title="bbox 397 2066 2024 2117; baseline 0.004 -17"><span class='ocrx_word' id='word_1_211' title='bbox 397 2067 456 2100; x_wconf 84' lang='lat' dir='ltr'>das</span> <span class='ocrx_word' id='word_1_212' title='bbox 482 2066 611 2101; x_wconf 75' lang='lat' dir='ltr'>Stucke</span> <span class='ocrx_word' id='word_1_213' title='bbox 643 2078 704 2102; x_wconf 81' lang='lat' dir='ltr'>aus</span> <span class='ocrx_word' id='word_1_214' title='bbox 731 2069 793 2102; x_wconf 88' lang='lat' dir='ltr'>der</span> <span class='ocrx_word' id='word_1_215' title='bbox 818 2069 892 2102; x_wconf 85' lang='lat' dir='ltr'>Zeit</span> <span class='ocrx_word' id='word_1_216' title='bbox 917 2070 1060 2113; x_wconf 70' lang='lat' dir='ltr'>Jaymes</span> <span class='ocrx_word' id='word_1_217' title='bbox 1085 2070 1113 2104; x_wconf 85' lang='grc' dir='ltr'>Ι.</span> <span class='ocrx_word' id='word_1_218' title='bbox 1139 2071 1211 2104; x_wconf 85' lang='grc'><strong>1111(1</strong></span> <span class='ocrx_word' id='word_1_219' title='bbox 1238 2071 1283 2105; x_wconf 88' lang='lat' dir='ltr'>H.</span> <span class='ocrx_word' id='word_1_220' title='bbox 1310 2071 1454 2115; x_wconf 69' lang='lat' dir='ltr'>enthalt‚</span> <span class='ocrx_word' id='word_1_221' title='bbox 1487 2073 1548 2106; x_wconf 88' lang='lat' dir='ltr'>das</span> <span class='ocrx_word' id='word_1_222' title='bbox 1573 2073 1800 2117; x_wconf 81' lang='lat' dir='ltr'>Transsumpt</span> <span class='ocrx_word' id='word_1_223' title='bbox 1825 2073 1921 2107; x_wconf 86' lang='lat' dir='ltr'>eines</span> <span class='ocrx_word' id='word_1_224' title='bbox 1947 2073 2024 2107; x_wconf 82' lang='lat' dir='ltr'>Pri-</span> 
     </span>
     <span class='ocr_line' id='line_1_27' title="bbox 396 2125 2023 2176; baseline 0.005 -18"><span class='ocrx_word' id='word_1_225' title='bbox 396 2125 505 2170; x_wconf 77' lang='lat' dir='ltr'>vilegs</span> <span class='ocrx_word' id='word_1_226' title='bbox 537 2126 597 2159; x_wconf 77' lang='lat' dir='ltr'>fiir</span> <span class='ocrx_word' id='word_1_227' title='bbox 621 2126 720 2161; x_wconf 80' lang='lat' dir='ltr'>Mons</span> <span class='ocrx_word' id='word_1_228' title='bbox 747 2130 945 2172; x_wconf 82' lang='lat' dir='ltr'>Aragonum</span> <span class='ocrx_word' id='word_1_229' title='bbox 983 2129 1047 2162; x_wconf 90' lang='lat' dir='ltr'>mit</span> <span class='ocrx_word' id='word_1_230' title='bbox 1071 2130 1223 2165; x_wconf 82' lang='lat' dir='ltr'>Liicken.</span> <span class='ocrx_word' id='word_1_231' title='bbox 1274 2130 1578 2165; x_wconf 84' lang='lat' dir='ltr'>Wahrscheinlich</span> <span class='ocrx_word' id='word_1_232' title='bbox 1615 2132 1737 2176; x_wconf 74' lang='lat' dir='ltr'>gehort</span> <span class='ocrx_word' id='word_1_233' title='bbox 1769 2132 1829 2166; x_wconf 78' lang='lat' dir='ltr'>das</span> <span class='ocrx_word' id='word_1_234' title='bbox 1856 2132 1962 2167; x_wconf 76' lang='lat' dir='ltr'>Stiick</span> <span class='ocrx_word' id='word_1_235' title='bbox 1987 2132 2023 2166; x_wconf 86' lang='lat' dir='ltr'>in</span> 
     </span>
     <span class='ocr_line' id='line_1_28' title="bbox 396 2184 2022 2235; baseline 0.005 -18"><span class='ocrx_word' id='word_1_236' title='bbox 396 2184 451 2217; x_wconf 87' lang='lat' dir='ltr'>die</span> <span class='ocrx_word' id='word_1_237' title='bbox 470 2185 553 2227; x_wconf 64' lang='lat' dir='ltr'>Zeit,</span> <span class='ocrx_word' id='word_1_238' title='bbox 581 2186 623 2219; x_wconf 85' lang='lat' dir='ltr'>da</span> <span class='ocrx_word' id='word_1_239' title='bbox 647 2197 708 2220; x_wconf 85' lang='lat' dir='ltr'>um</span> <span class='ocrx_word' id='word_1_240' title='bbox 729 2186 783 2220; x_wconf 86' lang='lat' dir='ltr'>die</span> <span class='ocrx_word' id='word_1_241' title='bbox 810 2187 1069 2232; x_wconf 82' lang='lat' dir='ltr'>Berechtigung</span> <span class='ocrx_word' id='word_1_242' title='bbox 1094 2189 1155 2222; x_wconf 86' lang='lat' dir='ltr'>der</span> <span class='ocrx_word' id='word_1_243' title='bbox 1171 2189 1370 2234; x_wconf 81' lang='lat' dir='ltr'>Besetzung</span> <span class='ocrx_word' id='word_1_244' title='bbox 1387 2190 1449 2223; x_wconf 86' lang='lat' dir='ltr'>der</span> <span class='ocrx_word' id='word_1_245' title='bbox 1468 2190 1654 2225; x_wconf 82' lang='lat' dir='ltr'>Abtsstelle</span> <span class='ocrx_word' id='word_1_246' title='bbox 1673 2191 1708 2225; x_wconf 85' lang='lat' dir='ltr'>in</span> <span class='ocrx_word' id='word_1_247' title='bbox 1726 2191 1804 2225; x_wconf 88' lang='lat' dir='ltr'>dem</span> <span class='ocrx_word' id='word_1_248' title='bbox 1822 2193 2022 2235; x_wconf 80' lang='lat' dir='ltr'>genannten</span> 
     </span>
     <span class='ocr_line' id='line_1_29' title="bbox 395 2243 2023 2295; baseline 0.004 -18"><span class='ocrx_word' id='word_1_249' title='bbox 395 2243 535 2278; x_wconf 84' lang='lat' dir='ltr'>Kloster</span> <span class='ocrx_word' id='word_1_250' title='bbox 566 2255 610 2278; x_wconf 85' lang='lat' dir='ltr'>an</span> <span class='ocrx_word' id='word_1_251' title='bbox 636 2245 697 2278; x_wconf 88' lang='lat' dir='ltr'>der</span> <span class='ocrx_word' id='word_1_252' title='bbox 722 2246 831 2280; x_wconf 84' lang='lat' dir='ltr'>Kurie</span> <span class='ocrx_word' id='word_1_253' title='bbox 863 2247 1045 2290; x_wconf 81' lang='lat' dir='ltr'>gestiitten</span> <span class='ocrx_word' id='word_1_254' title='bbox 1070 2248 1200 2281; x_wconf 84' lang='lat' dir='ltr'>wurde.</span> <span class='ocrx_word' id='word_1_255' title='bbox 1252 2248 1328 2293; x_wconf 78' lang='lat' dir='ltr'>Vgl.</span> <span class='ocrx_word' id='word_1_256' title='bbox 1358 2249 1474 2290; x_wconf 78' lang='lat' dir='ltr'>Finke,</span> <span class='ocrx_word' id='word_1_257' title='bbox 1506 2249 1689 2293; x_wconf 85' lang='lat' dir='ltr'>Papsttum</span> <span class='ocrx_word' id='word_1_258' title='bbox 1722 2251 1793 2284; x_wconf 89' lang='lat' dir='ltr'>und</span> <span class='ocrx_word' id='word_1_259' title='bbox 1819 2251 2023 2295; x_wconf 83' lang='lat' dir='ltr'>Untergang</span> 
     </span>
     <span class='ocr_line' id='line_1_30' title="bbox 394 2302 1159 2346; baseline 0.007 -10"><span class='ocrx_word' id='word_1_260' title='bbox 394 2302 455 2336; x_wconf 87' lang='lat' dir='ltr'>des</span> <span class='ocrx_word' id='word_1_261' title='bbox 480 2303 770 2346; x_wconf 84' lang='lat' dir='ltr'>Templerordens</span> <span class='ocrx_word' id='word_1_262' title='bbox 796 2305 832 2338; x_wconf 86' lang='lat' dir='ltr'>H</span> <span class='ocrx_word' id='word_1_263' title='bbox 857 2305 890 2339; x_wconf 87' lang='lat' dir='ltr'>S.</span> <span class='ocrx_word' id='word_1_264' title='bbox 917 2305 962 2340; x_wconf 81' lang='lat'>25</span> <span class='ocrx_word' id='word_1_265' title='bbox 989 2317 1031 2340; x_wconf 87' lang='lat' dir='ltr'>zu</span> <span class='ocrx_word' id='word_1_266' title='bbox 1059 2306 1159 2342; x_wconf 82' lang='lat'>1306.</span> 
     </span>
    </p>
   </div>
   <div class='ocr_carea' id='block_1_5' title="bbox 392 2409 2023 2823">
    <p class='ocr_par' dir='ltr' id='par_1_6' title="bbox 392 2409 2023 2823">
     <span class='ocr_line' id='line_1_31' title="bbox 397 2409 2022 2460; baseline 0.006 -9"><span class='ocrx_word' id='word_1_267' title='bbox 397 2412 493 2451; x_wconf 83' lang='lat'>596.</span> <span class='ocrx_word' id='word_1_268' title='bbox 539 2409 634 2452; x_wconf 86' lang='lat' dir='ltr'>Der</span> <span class='ocrx_word' id='word_1_269' title='bbox 671 2412 856 2453; x_wconf 84' lang='lat' dir='ltr'>baiulus</span> <span class='ocrx_word' id='word_1_270' title='bbox 888 2412 1187 2456; x_wconf 86' lang='lat' dir='ltr'>Dertusensis</span> <span class='ocrx_word' id='word_1_271' title='bbox 1221 2412 1274 2456; x_wconf 78' lang='lat' dir='ltr'>G.</span> <span class='ocrx_word' id='word_1_272' title='bbox 1298 2415 1354 2457; x_wconf 89' lang='grc'>(10</span> <span class='ocrx_word' id='word_1_273' title='bbox 1377 2414 1540 2458; x_wconf 86' lang='lat' dir='ltr'>Cereto</span> <span class='ocrx_word' id='word_1_274' title='bbox 1573 2429 1630 2458; x_wconf 83' lang='lat' dir='ltr'>an</span> <span class='ocrx_word' id='word_1_275' title='bbox 1662 2416 1931 2458; x_wconf 83' lang='lat' dir='ltr'>Bernardus</span> <span class='ocrx_word' id='word_1_276' title='bbox 1964 2416 2022 2460; x_wconf 85' lang='lat' dir='ltr'>de</span> 
     </span>
     <span class='ocr_line' id='line_1_32' title="bbox 393 2480 2019 2530; baseline 0.005 -8"><span class='ocrx_word' id='word_1_277' title='bbox 393 2480 652 2523; x_wconf 84' lang='lat' dir='ltr'>Anersone:</span> <span class='ocrx_word' id='word_1_278' title='bbox 677 2482 840 2524; x_wconf 85' lang='lat' dir='ltr'>sendet</span> <span class='ocrx_word' id='word_1_279' title='bbox 861 2483 1076 2525; x_wconf 81' lang='lat' dir='ltr'>Antwort</span> <span class='ocrx_word' id='word_1_280' title='bbox 1098 2484 1177 2526; x_wconf 83' lang='lat' dir='ltr'>(les</span> <span class='ocrx_word' id='word_1_281' title='bbox 1199 2485 1642 2529; x_wconf 79' lang='lat' dir='ltr'>stellvertretenden</span> <span class='ocrx_word' id='word_1_282' title='bbox 1664 2487 2019 2530; x_wconf 85' lang='lat' dir='ltr'>Dominikaner-</span> 
     </span>
     <span class='ocr_line' id='line_1_33' title="bbox 392 2552 2023 2608; baseline 0.005 -15"><span class='ocrx_word' id='word_1_283' title='bbox 392 2553 549 2606; x_wconf 86' lang='lat' dir='ltr'>priors</span> <span class='ocrx_word' id='word_1_284' title='bbox 581 2565 669 2595; x_wconf 80' lang='lat' dir='ltr'>von</span> <span class='ocrx_word' id='word_1_285' title='bbox 700 2552 969 2606; x_wconf 82' lang='lat' dir='ltr'>Tarragona</span> <span class='ocrx_word' id='word_1_286' title='bbox 1002 2553 1125 2608; x_wconf 86' lang='lat' dir='ltr'>(laut</span> <span class='ocrx_word' id='word_1_287' title='bbox 1158 2556 1358 2598; x_wconf 84' lang='lat' dir='ltr'>welcher</span> <span class='ocrx_word' id='word_1_288' title='bbox 1389 2557 1499 2599; x_wconf 88' lang='lat' dir='ltr'>kein</span> <span class='ocrx_word' id='word_1_289' title='bbox 1524 2557 1708 2600; x_wconf 87' lang='lat' dir='ltr'>Bruder</span> <span class='ocrx_word' id='word_1_290' title='bbox 1738 2560 1803 2600; x_wconf 90' lang='lat' dir='ltr'>im</span> <span class='ocrx_word' id='word_1_291' title='bbox 1826 2558 2023 2600; x_wconf 86' lang='lat' dir='ltr'>Kloster</span> 
     </span>
     <span class='ocr_line' id='line_1_34' title="bbox 394 2622 2022 2683; baseline 0.006 -20"><span class='ocrx_word' id='word_1_292' title='bbox 394 2622 473 2664; x_wconf 88' lang='grc'><strong>(138</strong></span> <span class='ocrx_word' id='word_1_293' title='bbox 520 2623 763 2665; x_wconf 84' lang='lat' dir='ltr'>horarium</span> <span class='ocrx_word' id='word_1_294' title='bbox 801 2635 837 2665; x_wconf 89' lang='grc'>8.</span> <span class='ocrx_word' id='word_1_295' title='bbox 875 2625 1017 2666; x_wconf 81' lang='grc'><strong>1113110</strong></span> <span class='ocrx_word' id='word_1_296' title='bbox 1067 2626 1254 2677; x_wconf 82' lang='lat' dir='ltr'>besitzt3</span> <span class='ocrx_word' id='word_1_297' title='bbox 1316 2628 1409 2669; x_wconf 85' lang='lat' dir='ltr'>alle</span> <span class='ocrx_word' id='word_1_298' title='bbox 1447 2629 1584 2670; x_wconf 85' lang='lat' dir='ltr'>beten</span> <span class='ocrx_word' id='word_1_299' title='bbox 1629 2640 1676 2670; x_wconf 88' lang='grc'>08</span> <span class='ocrx_word' id='word_1_300' title='bbox 1718 2629 2022 2683; x_wconf 75' lang='lat' dir='ltr'>auswendig),</span> 
     </span>
     <span class='ocr_line' id='line_1_35' title="bbox 393 2692 2020 2754; baseline 0.005 -20"><span class='ocrx_word' id='word_1_301' title='bbox 393 2692 554 2735; x_wconf 87' lang='lat' dir='ltr'>ferner</span> <span class='ocrx_word' id='word_1_302' title='bbox 600 2696 700 2735; x_wconf 91' lang='lat' dir='ltr'>sein</span> <span class='ocrx_word' id='word_1_303' title='bbox 738 2695 867 2737; x_wconf 84' lang='lat' dir='ltr'>Buch</span> <span class='ocrx_word' id='word_1_304' title='bbox 916 2696 1004 2737; x_wconf 87' lang='lat' dir='ltr'>mit</span> <span class='ocrx_word' id='word_1_305' title='bbox 1050 2697 1237 2750; x_wconf 83' lang='lat' dir='ltr'>einigen</span> <span class='ocrx_word' id='word_1_306' title='bbox 1276 2696 1481 2740; x_wconf 83' lang='lat' dir='ltr'>Gebeten</span> <span class='ocrx_word' id='word_1_307' title='bbox 1527 2699 1619 2740; x_wconf 89' lang='lat' dir='ltr'>und</span> <span class='ocrx_word' id='word_1_308' title='bbox 1659 2698 2020 2754; x_wconf 84' lang='lat' dir='ltr'>Schriftproben</span> 
     </span>
     <span class='ocr_line' id='line_1_36' title="bbox 393 2763 2016 2823; baseline 0.004 -17"><span class='ocrx_word' id='word_1_309' title='bbox 393 2763 472 2806; x_wconf 88' lang='grc'><strong>(108</strong></span> <span class='ocrx_word' id='word_1_310' title='bbox 505 2764 565 2806; x_wconf 87' lang='lat' dir='ltr'>fr.</span> <span class='ocrx_word' id='word_1_311' title='bbox 597 2765 797 2808; x_wconf 73' lang='lat' dir='ltr'>Jacobus</span> <span class='ocrx_word' id='word_1_312' title='bbox 831 2764 1103 2819; x_wconf 83' lang='lat' dir='ltr'>Garrigans.</span> <span class='ocrx_word' id='word_1_313' title='bbox 1145 2767 1342 2810; x_wconf 82' lang='lat' dir='ltr'>Tortosa</span> <span class='ocrx_word' id='word_1_314' title='bbox 1373 2770 1511 2823; x_wconf 81' lang='lat' dir='ltr'>(nach</span> <span class='ocrx_word' id='word_1_315' title='bbox 1534 2769 1666 2823; x_wconf 80' lang='lat'>1308)</span> <span class='ocrx_word' id='word_1_316' title='bbox 1698 2770 1953 2813; x_wconf 80' lang='lat' dir='ltr'>November</span> <span class='ocrx_word' id='word_1_317' title='bbox 1976 2771 2016 2813; x_wconf 80' lang='lat'>7.</span> 
     </span>
    </p>
   </div>
   <div class='ocr_carea' id='block_1_6' title="bbox 393 2859 2017 3058">
    <p class='ocr_par' dir='ltr' id='par_1_7' title="bbox 393 2859 2017 3058">
     <span class='ocr_line' id='line_1_37' title="bbox 536 2859 2017 2919; baseline 0.005 -20"><span class='ocrx_word' id='word_1_318' title='bbox 536 2892 543 2899; x_wconf 94' lang='lat'><strong>.</strong></span> <span class='ocrx_word' id='word_1_319' title='bbox 581 2892 588 2899; x_wconf 94' lang='lat'>.</span> <span class='ocrx_word' id='word_1_320' title='bbox 625 2892 633 2900; x_wconf 91' lang='lat'>.</span> <span class='ocrx_word' id='word_1_321' title='bbox 670 2859 930 2913; x_wconf 78' lang='lat' dir='ltr'>[Noveritis‚</span> <span class='ocrx_word' id='word_1_322' title='bbox 964 2860 1222 2916; x_wconf 68' lang='lat' dir='ltr'>domine‚]³)</span> <span class='ocrx_word' id='word_1_323' title='bbox 1266 2864 1384 2918; x_wconf 88' lang='lat' dir='ltr'>quod</span> <span class='ocrx_word' id='word_1_324' title='bbox 1426 2877 1563 2918; x_wconf 88' lang='lat' dir='ltr'>super</span> <span class='ocrx_word' id='word_1_325' title='bbox 1604 2877 1654 2905; x_wconf 88' lang='lat' dir='ltr'>eo</span> <span class='ocrx_word' id='word_1_326' title='bbox 1696 2864 1841 2919; x_wconf 89' lang='lat' dir='ltr'>pridie</span> <span class='ocrx_word' id='word_1_327' title='bbox 1879 2864 2017 2906; x_wconf 75' lang='lat' dir='ltr'>michi</span> 
     </span>
     <span class='ocr_line' id='line_1_38' title="bbox 393 2929 2016 2986; baseline 0.004 -16"><span class='ocrx_word' id='word_1_328' title='bbox 393 2929 562 2984; x_wconf 89' lang='lat' dir='ltr'>scripto</span> <span class='ocrx_word' id='word_1_329' title='bbox 595 2943 677 2984; x_wconf 89' lang='lat' dir='ltr'>per</span> <span class='ocrx_word' id='word_1_330' title='bbox 710 2929 940 2971; x_wconf 87' lang='lat' dir='ltr'>dominum</span> <span class='ocrx_word' id='word_1_331' title='bbox 973 2944 1126 2986; x_wconf 84' lang='lat' dir='ltr'>regem</span> <span class='ocrx_word' id='word_1_332' title='bbox 1158 2933 1340 2976; x_wconf 87' lang='lat' dir='ltr'>racione</span> <span class='ocrx_word' id='word_1_333' title='bbox 1373 2934 1607 2976; x_wconf 88' lang='lat' dir='ltr'>cuiusdam</span> <span class='ocrx_word' id='word_1_334' title='bbox 1633 2934 1757 2976; x_wconf 90' lang='lat' dir='ltr'>libri:</span> <span class='ocrx_word' id='word_1_335' title='bbox 1782 2934 2016 2977; x_wconf 86' lang='lat' dir='ltr'>horarium</span> 
     </span>
     <span class='ocr_line' id='line_1_39' title="bbox 467 3011 1203 3058; baseline 0.004 -13"><span class='ocrx_word' id='word_1_336' title='bbox 467 3011 520 3038; x_wconf 79' lang='lat'>595</span> <span class='ocrx_word' id='word_1_337' title='bbox 539 3012 568 3055; x_wconf 85' lang='lat' dir='ltr'>a)</span> <span class='ocrx_word' id='word_1_338' title='bbox 594 3011 638 3046; x_wconf 88' lang='lat' dir='ltr'>So</span> <span class='ocrx_word' id='word_1_339' title='bbox 665 3011 722 3046; x_wconf 88' lang='lat' dir='ltr'>Or.</span> <span class='ocrx_word' id='word_1_340' title='bbox 802 3011 855 3037; x_wconf 80' lang='lat'>596</span> <span class='ocrx_word' id='word_1_341' title='bbox 873 3018 902 3056; x_wconf 73' lang='lat' dir='ltr'>a)</span> <span class='ocrx_word' id='word_1_342' title='bbox 929 3012 1023 3046; x_wconf 81' lang='lat' dir='ltr'>Loch</span> <span class='ocrx_word' id='word_1_343' title='bbox 1048 3012 1095 3046; x_wconf 86' lang='lat' dir='ltr'>im</span> <span class='ocrx_word' id='word_1_344' title='bbox 1120 3014 1203 3058; x_wconf 84' lang='lat' dir='ltr'>Pap.</span> 
     </span>
    </p>
   </div>
  </div>
 </body>
</html>
