2296 3512
1057 215 1377 254 -762—

404 345 668 398 genannten
690 343 986 386 Kandidaten
1018 355 1119 384 zum
1147 341 1424 385 Erzbischof
1450 354 1505 383 zu
1538 353 1787 383 ernennen.
1847 341 2025 395 Alagon

972 413 1085 455 1308
1118 413 1371 455 December
1402 412 1473 454 26.

549 542 556 549 .
592 541 599 548 .
636 542 643 549 .
680 507 924 551 Sanctitati
958 510 1104 549 vestre
1149 506 1436 563 presentibus
1481 506 1744 548 intimamus
1779 505 2025 547 Tei-racho-

400 592 585 620 nensem
649 578 884 620 ecclesiam
946 591 1027 633 per
1077 581 1269 620 mortem
1327 576 1597 619 venerabilis
1645 576 1854 619 Roderici
1909 576 2023 617 bone

401 649 620 691 memorie
652 649 1030 691 Terrachonensis
1064 647 1405 703 archiepiscopi,
1439 647 1519 701 qui
1552 646 1696 702 pridie
1720 646 1837 688 diem
1862 645 2027 688 clausit

400 723 670 772 extremum,
694 719 893 775 pastoris
919 719 1062 761 iacere
1088 718 1373 761 benefficioso
1393 717 1561 760 solacio
1585 717 1866 770 destitutam,
1891 730 2026 772 quam

402 790 544 832 veluti
597 793 849 832 ceterarum
914 790 1207 832 ecclesiarum
1270 788 1398 843 regni
1458 789 1604 830 nostri
1665 788 1927 843 precipuain
1985 789 2029 829 et

401 861 674 916 magistram
708 860 948 903 affeccione
988 860 1217 915 diligimus
1251 858 1449 914 speciali.
1515 857 1631 901 Sane
1675 858 2027 909 reminiscentes,

406 931 602 987 qualiter
648 933 812 973 nedum
856 931 999 987 ipsius
1043 934 1190 973 status
1233 929 1417 971 ecclesie
1459 943 1613 971 verum
1658 930 1794 971 etiam
1836 929 2027 970 aliarum

404 1002 602 1058 plurium
635 1006 756 1044 terre
788 1004 942 1045 nostre
975 1002 1030 1044 ob
1064 1001 1279 1056 prelatos,
1315 999 1391 1054 qui
1423 1000 1604 1041 fuerunt
1637 1000 1886 1055 alienigene
1910 1002 1953 1040 et
1975 1000 2028 1040 de

407 1073 507 1116 aliis
550 1073 793 1129 provinciis
826 1072 1038 1124 instituti,
1072 1085 1152 1113 nec
1185 1085 1273 1113 non
1307 1070 1464 1126 populi
1496 1070 1797 1125 spiritualiter
1830 1083 1882 1111 ac
1915 1070 2028 1111 alias

404 1145 469 1187 eis
515 1144 685 1186 subditi
729 1143 1050 1186 detrimentum
1096 1142 1283 1183 nimium
1329 1154 1379 1182 ac
1413 1141 1636 1182 iacturam
1669 1154 1757 1182 non
1789 1140 2028 1191 modicam,

406 1229 507 1257 cum
556 1215 840 1257 condiciones
886 1216 929 1255 et
975 1213 1135 1255 modos
1183 1226 1235 1253 ac
1282 1225 1430 1254 mores
1471 1216 1696 1253 terrarum
1739 1214 1782 1252 et
1823 1211 2029 1266 gencium

403 1285 695 1340 ignorarent,
748 1285 824 1340 qui
873 1284 1008 1326 etiam
1056 1282 1367 1325 voluntatibus
1419 1282 1675 1337 principum
1727 1281 1911 1323 minime
1964 1294 2029 1333 se,

404 1360 542 1412 prout
565 1359 662 1398 erat
686 1356 940 1411 expediens,
967 1354 1326 1405 conformabant,
1347 1353 1826 1408 tampredecessorum
1851 1356 2030 1394 nostro-

406 1441 507 1469 rum
527 1440 661 1482 quam
680 1430 836 1468 nostro
856 1425 1138 1481 temporibus
1155 1424 1468 1479 multipliciter
1490 1424 1798 1473 incurrerunt3
1819 1423 2031 1464 affectan-

406 1501 474 1540 tes
520 1511 573 1539 ex
617 1498 701 1539 hoc
746 1502 838 1539 tam
879 1510 963 1552 pro
998 1496 1195 1538 utilitate
1229 1495 1413 1537 ecclesie
1458 1494 1717 1550 supradicte
1766 1507 1901 1549 quam
1947 1506 2030 1549 pro

404 1572 632 1610 terrarum
657 1572 700 1610 et
723 1568 991 1623 populorum
1020 1566 1323 1622 prosperitate
1350 1565 1501 1607 votiva
1520 1565 1753 1620 premissis
1779 1565 2031 1607 incomodis

402 1639 654 1682 salubriter
685 1638 942 1694 providere:
978 1637 1177 1680 decrevit
1209 1636 1331 1692 regie
1356 1636 1710 1678 examinacionis
1732 1635 1947 1677 indicium
1976 1636 2033 1677 ad

406 1713 555 1752 vestre
596 1710 891 1752 beatitudinis
936 1708 1228 1751 clemenciam
1262 1708 1583 1749 recurrendum
1617 1706 1851 1749 sanctitati
1884 1710 2032 1749 vestre

404 1780 638 1823 humiliter
679 1780 1002 1836 supplicantes,
1047 1783 1270 1834 quatenus
1312 1792 1394 1833 pro
1438 1778 1589 1819 divino
1632 1777 1822 1820 servicio
1865 1780 1908 1819 et
1949 1790 2031 1832 pro

406 1852 550 1907 ipsius
590 1851 775 1893 ecclesie
807 1850 1189 1892 Tem-achonensis
1223 1862 1275 1890 ac
1309 1848 1501 1891 aliorum
1536 1848 1925 1902 suffraganeorum
1960 1861 2033 1889 su-

407 1936 535 1965 orum
582 1922 778 1965 statibus
823 1922 868 1963 in
913 1921 1074 1963 melius
1115 1919 1418 1963 reformandis
1462 1919 1755 1961 collacionem
1790 1918 2033 1974 archiepis-

407 1998 598 2049 copatus
640 1993 832 2049 predicti
863 1991 1115 2048 provisioni
1148 1991 1395 2046 apostolice
1437 1991 1711 2032 reservando
1754 1990 1947 2031 alterum
1981 2003 2033 2031 ex

408 2065 700 2120 subscriptis,
752 2063 959 2105 videlicet
1007 2061 1289 2106 venerabiles
1336 2061 1380 2103 in
1415 2059 1595 2103 Christo
1642 2064 1797 2116 patres
1844 2060 2033 2102 fratrem

405 2136 457 2177 R.
494 2135 783 2178 Valentinum
837 2134 1112 2189 episcopum,
1170 2132 1384 2174 Poncium
1423 2132 1699 2174 Ilerdensem
1758 2132 2032 2187 episcopum,

408 2206 682 2249 Guilehnum
740 2206 1152 2248 Terrachonensem
1208 2203 1492 2259 prepositum
1547 2205 1589 2244 et
1643 2202 1927 2244 Bernardum
1981 2202 2034 2243 de

407 2278 568 2333 Rippis
601 2277 1013 2319 Terrachonensem
1056 2280 1100 2317 et
1139 2273 1588 2329 Cesaraugustanum
1621 2273 1876 2324 sacristam,
1912 2272 2033 2314 viros

404 2348 575 2403 quippe
608 2349 826 2403 probatos
860 2351 903 2389 et
937 2347 1098 2389 eximie
1130 2345 1389 2401 probitatis,
1425 2358 1538 2401 quos
1573 2345 1630 2386 ad
1666 2343 1925 2386 huiusmodi
1957 2343 2035 2385 ob-

408 2419 643 2460 tinendum
686 2422 729 2460 et
769 2419 1016 2474 regendum
1056 2415 1339 2459 benefficium
1380 2414 1654 2458 sufficientes
1693 2418 1958 2470 reputamus
1992 2417 2036 2455 et

406 2489 584 2544 dignos,
638 2488 1049 2544 a1·cl1ie1j›iscopatui
1095 2487 1382 2543 preferatis1)
1418 2520 1427 2528 .
1463 2520 1470 2527 .
1507 2520 1514 2527 .
1591 2486 1694 2527 Dat.
1740 2485 1786 2527 in
1830 2484 2035 2540 Alagone

409 2561 506 2602 VII.
541 2560 757 2602 kalendas
790 2559 1001 2601 Januarii
1035 2572 1151 2600 anno
1185 2558 1355 2600 domini
1390 2555 1548 2600 MCCC
1581 2561 1754 2598 octavo.

550 2641 633 2685 Reg.
661 2643 728 2676 335
762 2642 787 2676 f.
815 2641 893 2676 332.
943 2640 1150 2675 Erzbischof
1176 2640 1326 2684 Rodrigo
1357 2650 1430 2673 war
1461 2649 1517 2672 am
1552 2639 1605 2673 16.
1631 2638 1829 2672 Dezember
1854 2637 1945 2672 1308
1974 2647 2035 2680 ge-

409 2700 560 2734 storben.
604 2703 670 2735 Am
696 2701 727 2735 6.
745 2701 877 2735 Januar
905 2699 993 2735 1309
1020 2699 1229 2733 reservierte
1255 2699 1329 2733 sich
1356 2698 1517 2733 Clemens
1539 2698 1578 2733 V.
1605 2697 1660 2731 die
1688 2697 1893 2740 Besetzung.
1936 2695 2033 2740 (Reg.

405 2759 596 2795 Clementis
630 2760 670 2795 V.
703 2760 764 2794 Nr.
793 2759 910 2802 5003.)
961 2762 1027 2793 Am
1062 2759 1115 2792 17.
1142 2759 1274 2792 Januar
1305 2758 1432 2791 konnte
1457 2758 1489 2792 J.
1525 2757 1579 2791 die
1614 2756 1805 2800 einmiitige
1838 2754 1943 2789 Wahl
1974 2755 2035 2788 des

554 2877 578 2921 1)
604 2878 676 2911 Der
702 2878 813 2921 K'onig
838 2876 996 2911 bemerkt
1020 2875 1111 2910 noch
1137 2876 1215 2909 dass
1241 2886 1279 2909 er
1304 2886 1425 2918 wegen
1450 2875 1512 2908 der
1542 2873 1772 2917 schleunigen
1796 2872 2037 2917 Befordemng

408 2936 534 2970 keinen
560 2936 759 2970 Gesandten
784 2935 934 2971 schicke.
972 2935 1020 2969 Er
1043 2935 1138 2969 hatte
1164 2934 1227 2968 mit
1252 2934 1315 2968 der
1332 2927 1589 2977 Ubersendung
1614 2933 1681 2966 den
1707 2931 1850 2966 Saucius
1868 2931 1909 2964 de
1927 2931 2035 2975 Aquis

409 2996 596 3030 hostiarius
622 2995 770 3031 betraut.
