2296 3512
1097 265 1417 306 -930—

446 395 810 437 fundavissemus
841 393 888 435 in
920 394 1104 436 civitate
1125 393 1273 436 Ilerde
1306 394 1508 437 studium
1541 392 1751 448 generale
1781 392 1829 434 in
1861 391 2070 434 omnibus

447 465 653 508 scienciis
678 464 946 520 approbatis
973 465 1243 519 demumque
1265 477 1348 519 pro
1369 462 1694 506 reformatione
1717 465 1760 504 et
1783 461 2071 505 ordinacione

448 536 648 579 eiusdem
696 534 835 577 studii
881 534 1158 576 universitas
1203 534 1320 576 dicte
1375 533 1573 576 civitatis
1619 533 1906 588 promisisset
1953 545 2071 573 anno

449 606 650 662 quolibet
690 618 832 660 usque
875 606 931 646 ad
973 605 1126 646 decem
1166 617 1308 647 annos
1341 605 1516 647 solvere
1549 603 1760 659 episcopo
1795 605 1838 644 et
1871 601 2071 657 capitulo

446 675 751 718 Ilerdensibus
797 676 885 717 duo
928 675 1075 716 millia
1120 678 1164 716 et
1210 675 1482 731 quingentos
1516 674 1596 717 sol.
1659 674 1802 726 Jaco,
1847 676 1898 715 ut
1934 672 2071 714 iidem

448 746 687 803 episcopus
735 748 778 787 et
828 745 1077 800 capitulum
1124 746 1344 787 haberent
1395 745 1603 787 doctores
1655 748 1698 786 et
1738 743 1984 799 magistros
2025 742 2073 783 in

449 817 568 859 dicto
602 816 774 868 studio,
818 815 895 871 qui
932 816 1136 870 legerent
1182 815 1350 857 ibidem
1382 815 1485 857 iura
1517 817 1561 856 et
1594 814 1708 857 alias
1741 813 1959 857 sciencias
1993 825 2072 868 ap-

447 888 684 943 probatas3
718 886 973 942 prefatique
1007 886 1244 942 episcopus
1278 889 1321 927 et
1354 885 1602 941 capitulum
1636 887 1890 927 assererent
1913 897 1960 926 se
1982 897 2072 925 non

447 957 591 1000 teneri
619 958 675 999 ad
700 956 905 1012 predicta
931 970 985 999 ex
1008 956 1279 1012 quibusdam
1302 956 1450 999 causis
1474 969 1627 998 coram
1647 954 1778 997 nobis
1800 954 2073 996 verbotenus

448 1027 714 1083 propositis:
759 1030 801 1069 et
841 1040 892 1068 ea
929 1030 1118 1082 propter
1148 1027 1302 1082 plures
1336 1026 1593 1082 questiones
1626 1026 1745 1068 inter
1776 1024 1943 1067 dictam
1975 1024 2073 1065 uni-

447 1098 711 1140 versitatem
746 1100 789 1139 et
821 1098 940 1140 cives
974 1097 1173 1140 eiusdem
1207 1111 1260 1139 ex
1291 1110 1382 1138 una
1413 1099 1545 1151 parte
1569 1100 1612 1139 et
1639 1095 1783 1138 dictos
1811 1095 2073 1151 episcopum

449 1172 492 1211 et
526 1168 775 1223 capitulum
818 1181 871 1209 ex
912 1172 1042 1223 parte
1085 1168 1230 1209 altera
1270 1167 1463 1210 fuissent
1507 1170 1661 1209 exorte
1701 1166 1923 1221 nobisque
1956 1168 2075 1208 esset

448 1253 529 1295 per
572 1242 814 1293 utramque
861 1238 1083 1280 dictarum
1129 1238 1335 1293 parcium
1374 1237 1704 1293 supplicatum,
1748 1240 1800 1278 ut
1837 1250 1889 1278 ea
1922 1235 2074 1278 omnia

450 1310 734 1360 deberemus,
773 1312 912 1364 prout
950 1309 1081 1350 nobis
1121 1308 1362 1363 expediens
1398 1311 1441 1350 et
1473 1307 1593 1350 dicto
1627 1307 1775 1350 studio
1808 1307 1918 1348 utile
1950 1306 2074 1348 vide-

448 1382 586 1431 retur,
636 1378 831 1421 diffinire
874 1382 916 1420 et
956 1379 1220 1431 terminare,
1264 1381 1306 1420 et
1349 1378 1591 1434 quelibeta)
1633 1391 1741 1433 pars
1787 1376 2075 1433 promisisset

450 1450 761 1505 sollempniter
802 1462 848 1491 se
887 1450 1255 1501 observaturam,
1296 1448 1509 1504 quicquid
1546 1448 1677 1491 nobis
1715 1448 1916 1503 placeret
1953 1447 2072 1489 circa

448 1520 672 1576 premissa
710 1522 912 1563 statuere
950 1533 1029 1562 seu
1068 1520 1210 1561 eciam
1257 1519 1487 1561 ordinare:
1530 1519 1631 1561 ideo
1669 1532 1772 1571 nos,
1811 1518 2075 1560 affectantes

450 1591 689 1633 cuiuslibet
730 1590 1023 1633 dissensionis
1068 1594 1111 1632 et
1149 1589 1373 1632 discordie
1404 1590 1523 1631 inter
1554 1592 1708 1645 partes
1741 1588 1970 1644 predictas
2002 1601 2075 1630 oc-

450 1662 674 1704 casionem
712 1664 755 1703 et
785 1661 1026 1703 materiam
1060 1664 1312 1716 amputare,
1345 1660 1595 1702 venerabili
1626 1662 1756 1715 patre
1795 1659 1960 1702 Poncio
1992 1658 2076 1701 Dei

450 1732 600 1787 gratia
633 1731 844 1787 episcopo
861 1731 1084 1774 Ilerdensi
1118 1732 1407 1786 eiusdemque
1442 1730 1627 1774 ecclesie
1654 1729 1854 1785 capitulo
1876 1743 1959 1771 nec
1985 1743 2074 1771 non

448 1803 583 1845 Petro
618 1803 670 1844 de
696 1802 856 1854 Bosco,
890 1802 1157 1857 Raymundo
1182 1802 1386 1858 Coqueti,
1419 1801 1657 1843 Dominico
1693 1801 1745 1842 de
1769 1799 1998 1844 Casserris
2032 1802 2075 1842 et

449 1873 619 1915 Thoma
646 1872 866 1915 Johannis
898 1872 1112 1927 paciariis
1136 1872 1335 1914 civitatis
1356 1872 1448 1914 iam
1467 1872 1583 1914 dicte
1601 1872 1648 1913 in
1664 1875 1822 1913 nostra
1839 1870 2075 1926 presencia

451 1943 709 1985 constitut-is
727 1957 810 1998 pro
829 1956 876 1985 se
895 1946 937 1984 et
956 1946 1055 1985 tota
1073 1943 1370 1985 universitate
1388 1943 1595 1998 predicta
1613 1942 1677 1985 sic
1696 1941 1907 1984 duximus
1924 1942 2074 1997 provi-

451 2015 645 2056 dendum
664 2017 706 2056 et
724 2014 1038 2066 ordinandum,
1056 2017 1107 2055 ut
1125 2013 1295 2056 dictum
1312 2013 1512 2056 studium
1531 2016 1823 2055 conservetur
1839 2012 2074 2067 possitque

448 2084 495 2126 in
517 2084 678 2127 melius
700 2083 953 2136 reformari,
989 2085 1109 2139 quod
1132 2084 1362 2127 ordinacio
1387 2083 1526 2126 studii
1548 2086 1591 2125 et
1614 2084 1851 2125 doctorum
1870 2082 2072 2138 provisio

451 2155 503 2197 de
543 2158 690 2196 cetero
729 2157 957 2209 competat
988 2154 1203 2210 paciariis
1237 2158 1280 2196 et
1313 2154 1429 2196 dicte
1461 2153 1764 2207 universitati,
1796 2167 1887 2196 non
1921 2156 2069 2195 autem

452 2225 662 2280 episcopo
697 2228 740 2266 et
769 2224 979 2280 capitulis
1001 2225 1254 2280 prelibatis,
1278 2225 1406 2267 salva
1427 2225 1744 2267 iurisdiccione
1768 2224 2073 2267 ecclesiastica

452 2296 594 2337 eidem
637 2295 862 2350 episcopo,
904 2295 982 2337 ubi
1024 2295 1138 2338 alias
1181 2295 1264 2349 eib)
1308 2296 1361 2337 de
1402 2296 1499 2337 iure
1542 2294 1770 2350 competit.
1846 2295 1906 2336 Et
1954 2296 2076 2349 quod

452 2365 560 2408 dicti
601 2366 838 2422 episcopus
882 2368 924 2407 et
966 2365 1215 2421 capitulum
1252 2379 1333 2421 per
1366 2369 1466 2408 octo
1501 2378 1642 2408 annos
1677 2365 1887 2407 continue
1919 2366 2072 2407 subse-

453 2440 639 2491 quentes
673 2436 853 2478 solvant
886 2439 929 2477 et
961 2435 1135 2478 solvere
1167 2438 1408 2478 teneantur
1441 2449 1557 2478 anno
1592 2435 1794 2491 quolibet
1827 2434 1943 2477 dicte
1976 2435 2073 2477 uni-

452 2506 661 2548 versitati
701 2506 789 2547 tria
831 2506 957 2548 milia
1003 2506 1083 2548 sol.
1125 2505 1262 2558 Jacc.,
1304 2506 1593 2548 medietatem
1632 2505 1842 2548 videlicet
1879 2505 1925 2547 in
1957 2505 2073 2548 festo

452 2576 663 2618 Omnium
697 2581 959 2619 sanctorum
990 2576 1196 2631 proxime
1224 2579 1427 2629 venturo,
1463 2579 1505 2618 et
1538 2576 1675 2618 aliam
1706 2576 1996 2618 mediet-atem
2027 2576 2074 2617 in

452 2646 744 2702 subsequenti
783 2645 899 2689 festo
942 2647 1108 2702 pasche
1149 2647 1500 2689 resurreccionis
1544 2646 1713 2688 domini
1753 2648 1797 2688 et
1844 2647 1951 2688 dare
1993 2659 2074 2701 per

453 2716 597 2758 dictos
645 2729 786 2759 annos
834 2716 1097 2759 canonicam
1143 2716 1402 2771 porcionem
1449 2716 1688 2772 integriter
1735 2716 1811 2758 uni
1851 2716 2074 2771 magistro

451 2785 683 2838 medicine,
718 2800 851 2842 quem
885 2787 1039 2828 eadem
1073 2786 1345 2830 universitas
1379 2787 1558 2829 duxerit
1591 2787 1858 2842 eligendum,
1887 2790 1931 2828 et
1953 2787 2074 2841 quod

451 2856 553 2911 ipsa
592 2856 867 2899 universitas
908 2856 1001 2898 suis
1042 2857 1240 2912 propriis
1272 2857 1566 2900 missionibus
1597 2860 1806 2899 teneatur
1839 2860 1882 2898 et
1912 2869 2072 2912 procu-

455 2939 555 2968 rare
598 2929 640 2967 et
680 2927 847 2969 habere
889 2928 1096 2969 doctores
1129 2927 1223 2969 sive
1254 2927 1516 2983 magistros,
1550 2928 1627 2982 qui
1658 2927 1813 2983 legant
1843 2927 1889 2967 in
1922 2925 2072 2968 studio

593 3031 622 3074 a)
648 3030 800 3074 qualibet
823 3031 906 3074 Reg.
1009 3031 1040 3075 b)
1065 3031 1146 3074 Reg.
1167 3031 1226 3065 eis.
