2296 3512
351 443 515 529 IX.
579 442 994 529 Beriehte
1060 468 1217 527 aus
1280 440 1698 528 Tosoana.

217 586 963 694 Verhandlungen
1000 611 1299 693 wegen
1340 583 1836 670 Sardinien.

733 724 1318 818 1305-m1316.

218 1014 315 1055 340.
349 1014 537 1065 Herzog
568 1012 747 1054 Robert
769 1024 856 1054 von
881 1010 1130 1053 Calabrien
1162 1023 1219 1052 an
1242 1011 1403 1065 Jayme
1435 1010 1509 1051 11:
1543 1010 1841 1063 Belngerung

214 1084 436 1139 PistojaS.
489 1083 794 1137 Hungersnot
816 1082 1036 1124 (laselbst.
1088 1081 1258 1134 Erfolg
1283 1081 1429 1123 ‹lui-oh
1452 1081 1728 1134 Eingreifen
1761 1080 1841 1123 (les

286 1156 480 1210 Papstes
513 1154 800 1198 verhindert.
862 1154 958 1196 Vor
990 1152 1173 1206 Pistoja
1206 1152 1363 1208 (1305)
1395 1150 1668 1208 September
1702 1151 1769 1194 14.

359 1236 531 1280 Civitas
570 1237 768 1289 Pistorii,
813 1250 949 1291 quam
982 1236 1059 1277 (1111
1100 1235 1328 1278 tenuimus
1368 1238 1412 1276 et
1452 1235 1597 1276 adhue
1636 1237 1841 1277 tenemus

216 1310 462 1361 obsessam,
498 1309 554 1351 ad
586 1310 763 1350 tantam
795 1307 931 1350 famis
964 1306 1129 1350 molem
1152 1307 1346 1349 deducta
1378 1309 1460 1358 est,
1494 1307 1614 1362 quod
1636 1306 1841 1348 homines

214 1381 277 1423 ibi
318 1383 549 1423 morantes
590 1380 861 1423 necessitate
905 1378 1081 1421 cohaeti
1124 1392 1224 1420 cum
1270 1378 1457 1420 familiis
1500 1378 1741 1420 eorundem
1776 1377 1842 1419 in-

215 1452 475 1494 differenter
521 1454 686 1494 exeunt
731 1454 901 1493 terram
943 1450 1091 1505 ipsam
1125 1452 1168 1491 et
1200 1449 1341 1504 penis,
1389 1462 1502 1504 quas
1542 1448 1605 1491 eis
1637 1449 1842 1504 infligere

217 1523 436 1576 volumus,
470 1526 706 1578 tamquam
740 1522 796 1564 ad
830 1524 1080 1564 extremam
1112 1520 1429 1564 necessitatem
1459 1520 1651 1572 deducti,
1685 1520 1843 1562 volun-

215 1594 331 1636 tarie
378 1608 425 1637 se
473 1597 744 1649 supponunt.
814 1595 887 1635 Ad
935 1607 1071 1648 quam
1116 1595 1286 1634 terram
1333 1592 1587 1634 habendam
1638 1594 1717 1634 aut
1762 1605 1843 1647 per

216 1667 400 1708 modum
450 1665 647 1725 insultus
696 1665 767 1707 vel
814 1679 896 1720 per
947 1678 1276 1722 quemcumque
1324 1663 1486 1717 alium,
1530 1664 1607 1719 qni
1664 1664 1720 1705 ad
1758 1664 1842 1705 hoe

217 1737 432 1779 habiliter
464 1751 512 1780 se
545 1736 773 1787 obtulerit,
807 1736 896 1779 nisi
928 1730 1205 1791 impediatur
1236 1736 1320 1777 hoe
1343 1732 1474 1779 nobis
1506 1748 1587 1789 per
1610 1735 1842 1776 dominum

216 1822 442 1851 summum
480 1808 754 1863 pontificem,
799 1822 932 1863 quem
974 1821 1110 1862 super
1147 1808 1248 1860 hoe,
1291 1821 1381 1862 qua
1419 1807 1571 1849 forma
1601 1806 1841 1858 nescimus,

215 1880 346 1922 nobis
380 1880 637 1922 audivimus
669 1879 766 1922 fore
805 1879 1095 1934 scripturum,
1136 1878 1413 1920 intendimus
1446 1880 1543 1921 toto
1576 1891 1708 1932 posse
1744 1912 1751 1919 .
1788 1912 1795 1919 .
1833 1912 1840 1919 .

214 1952 317 1993 Dat.
350 1951 396 1993 in
430 1951 601 2007 eampis
624 1951 670 1993 in
693 1951 928 1994 obsidione
950 1950 1136 1993 Pistorii
1164 1950 1235 1992 die
1262 1950 1409 1992 XIIII.
1435 1948 1715 2005 Septembris
1738 1949 1840 1991 IIII.

213 2022 491 2065 indiccionis.

358 2092 448 2127 CRD
475 2093 578 2129 9862.
629 2092 686 2127 Or.
706 2093 788 2136 Pap.
808 2092 884 2137 Ssp.
934 2092 998 2127 Die
1024 2092 1200 2126 Indiktion
1223 2092 1269 2127 ist
1299 2091 1370 2126 also
1407 2091 1485 2126 hier
1520 2092 1585 2126 wie
1623 2102 1660 2126 so
1698 2092 1750 2126 oft
1788 2091 1843 2126 die

214 2151 440 2194 griechische.
479 2152 568 2186 Dass
585 2152 665 2186 kein
678 2152 938 2187 Verschreiben
954 2152 1111 2196 vorliegt,
1131 2152 1221 2196 zeigt
1238 2151 1328 2188 CRD
1347 2151 1440 2185 9863
1457 2162 1538 2185 vom
1555 2153 1607 2186 ll.
1624 2151 1842 2195 September,

215 2220 267 2243 wo
295 2210 465 2244 ebenfalls
493 2211 588 2246 1111.
615 2211 736 2248 indice.
764 2212 839 2245 sich
865 2212 978 2245 findet
1002 2211 1038 2245 in
1064 2211 1240 2245 obsidione
1258 2211 1408 2247 Pistorii.
1452 2211 1561 2245 Darin
1586 2211 1696 2245 heisst
1722 2221 1773 2245 es:
1801 2211 1842 2244 de

215 2269 370 2312 partibus
395 2270 515 2304 Tuscie
541 2270 693 2315 undique
719 2271 818 2305 nobis
843 2281 1009 2315 prospera
1033 2271 1234 2307 succedunt.
1286 2269 1363 2315 Vgl.
1389 2269 1480 2305 Eitel
1505 2270 1539 2305 S.
1568 2271 1622 2304 17.

217 2402 313 2444 341.
348 2402 496 2445 Diuus
519 2401 737 2446 silvestri
762 2416 821 2445 an
841 2404 871 2447 J
873 2414 1003 2459 ayme
1024 2404 1096 2445 II:
1115 2403 1352 2445 Interesse
1377 2402 1458 2445 fiir
1480 2403 1555 2445 (lie
1577 2401 1842 2446 Sardinien-

215 2473 347 2516 fahrt
393 2476 443 2517 in
479 2475 698 2529 Toseana,
746 2477 996 2519 besonders
1045 2479 1120 2520 bei
1165 2477 1251 2520 (len
1295 2476 1506 2520 Guelfen.
1569 2478 1841 2521 Kardinals-

216 2558 489 2600 ernennung
527 2548 673 2590 (lui-eh
713 2547 922 2591 Clemens
961 2549 1014 2591 V.
1076 2550 1355 2604 Reiseplfine
1395 2549 1605 2592 Clemens
1643 2550 1696 2592 V.
1759 2549 1842 2593 Ge-

215 2618 509 2661 sandtsehaft
540 2631 621 2661 aus
654 2620 770 2661 Rom
803 2621 897 2663 und
918 2621 1137 2675 Toseana,
1171 2621 1246 2664 die
1270 2621 1480 2664 Clemens
1504 2623 1555 2665 V.
1589 2635 1671 2664 zur
1692 2622 1841 2664 Riiek-

215 2690 334 2731 kehr
372 2691 490 2732 nach
528 2691 645 2732 Rom
685 2690 961 2735 auffordern
1000 2693 1106 2735 soll.
1170 2692 1309 2736 Sonst
1339 2694 1525 2736 werden
1563 2693 1638 2736 (lie
1670 2693 1843 2736 Riimer

216 2762 352 2803 einen
390 2762 561 2804 Kaiser
608 2757 1102 2806 e1·ne1men.'”Verbot
1150 2764 1229 2807 des
1267 2765 1491 2819 Kampfes
1539 2777 1622 2808 vor
1658 2765 1842 2818 Pistoja

354 2833 500 2875 (lui-eh
533 2833 620 2875 den
652 2833 812 2888 Papst.
874 2835 1133 2878 Bai-celena
1164 2835 1318 2891 (1305)
1350 2836 1606 2879 December
1638 2836 1708 2880 29.

357 2914 405 2948 Er
440 2915 502 2949 hat
538 2915 649 2960 einige
677 2915 765 2950 Male
802 2916 1031 2960 geschrieben
1056 2928 1076 2951 a
1100 2929 1148 2952 un
1174 2918 1247 2952 cusi
1273 2929 1393 2962 germa
1418 2918 1460 2951 de
1486 2929 1567 2952 mon
1593 2929 1721 2962 senyor
1746 2929 1840 2962 pare,

216 2973 275 3016 qui
301 2983 338 3007 es
364 2973 437 3008 dels
465 2974 570 3018 ‚IIIL⁷
597 2975 653 3019 qui
680 2986 742 3009 son
767 2986 832 3019 pus
859 2976 1043 3019 poderoses
1069 2988 1113 3011 en
1139 2977 1171 3012 13
1196 2978 1304 3012 ciutat
1329 2978 1371 3012 de
1389 2978 1539 3012 Luccha.
1578 2978 1621 3012 [n
1637 2979 1753 3012 Lneca
1770 2979 1839 3012 und

216 3043 303 3077 ganz
329 3033 482 3068 Toskana
507 3033 641 3068 erz²atht
670 3045 752 3069 man
777 3034 871 3078 sich,
904 3035 983 3071 dass
1008 3036 1069 3070 der
1094 3036 1202 3080 Papst
1226 3037 1306 3071 dem
1331 3038 1445 3081 Kenig
1469 3037 1651 3072 Sardinien
1677 3038 1748 3071 und
1773 3038 1841 3072 den
