2296 3512
1061 276 1379 314 —790—

413 402 553 444 citata
592 402 639 443 in
683 401 802 443 dicto
842 404 1042 443 tractatu
1084 400 1234 454 fuerit,
1278 415 1375 457 que,
1421 404 1469 444 ut
1513 402 1608 456 ipse
1640 403 1847 454 asseruit,
1881 401 2030 444 fuerat

413 473 499 515 sibi
536 474 673 523 tacta,
712 485 793 527 per
834 485 969 527 quam
1011 471 1141 514 nobis
1172 472 1353 514 videtur
1383 472 1662 528 possibiliter
1693 485 1825 528 posse
1857 472 2031 527 perffici

412 543 648 598 negocium
681 543 1018 598 supradictum:
1054 544 1438 586 consideravimus
1471 544 1618 586 dicere
1651 544 1770 586 dicto
1803 544 1871 595 G„
1912 545 2032 599 quod

413 614 536 668 regie
579 613 936 669 magnifficencie
981 617 1224 668 exponeret
1266 615 1450 656 modum
1493 616 1536 656 et
1567 614 1709 667 viam,
1751 627 1831 668 per
1863 614 2031 656 dictum

414 684 644 726 dominum
690 698 915 727 summum
962 684 1221 740 pontificem
1269 685 1521 737 recitatam,
1565 688 1629 738 ut,
1674 685 1713 727 si
1760 687 1907 728 vestre
1946 684 2033 726 001-

415 754 601 797 situdini
634 755 926 809 acceptabilis
948 755 1190 806 videretur,
1225 755 1460 810 signanter
1481 755 1621 797 divini
1642 756 1827 798 honoris
1849 755 2032 807 intuitu,

414 828 463 867 ut
496 825 665 867 dictum
704 829 911 868 sanctum
948 825 1186 881 negocium
1223 825 1361 867 finem
1408 826 1683 868 laudabilem
1721 826 1895 869 felicius
1937 839 2033 868 sor-

415 895 574 947 ciatur,
599 897 786 938 eandem
809 897 929 938 viam
963 897 1083 939 dicto
1117 896 1297 938 domino
1331 909 1506 938 summo
1538 896 1759 951 pontiffici
1790 896 2032 938 moveretis

416 999 425 1007 .
452 1001 459 1008 .
486 1000 494 1007 .
528 967 775 1009 Presertim
822 981 921 1009 cum
963 967 1059 1022 ipse
1101 967 1308 1009 dominus
1343 970 1498 1009 noster
1530 981 1646 1009 nunc
1678 966 2033 1022 magnifficencie

414 1040 564 1080 vestre
596 1038 778 1089 scribat,
814 1039 934 1093 quod
957 1038 1156 1093 aliquam
1178 1038 1298 1080 viam
1323 1038 1523 1092 cogitare
1546 1037 1712 1080 curetis
1746 1071 1755 1079 .
1781 1071 1790 1079 .
1815 1072 1822 1079 .
1860 1040 1903 1079 et
1935 1051 2033 1079 eam

414 1121 496 1162 per
538 1108 716 1151 litteras
759 1113 837 1151 aut
874 1123 956 1164 per
987 1109 1228 1163 specialem
1261 1108 1474 1150 nuncium
1506 1108 1594 1151 sibi
1626 1108 1836 1150 intimare
1869 1108 2034 1150 curetis

418 1213 426 1220 .
462 1212 470 1219 .
507 1213 514 1220 .
564 1180 666 1221 Dat.
712 1180 937 1222 Auinione
983 1180 1103 1221 VIH.
1149 1180 1368 1221 kalendas
1415 1178 1652 1221 Februarii
1705 1192 1821 1221 anno
1867 1178 2037 1221 domini

417 1248 685 1292 MOCCXVI
719 1251 792 1304 (?).

557 1319 649 1356 CRD
676 1320 778 1355 5603.
829 1321 887 1355 Or.
915 1321 996 1364 Pap.
1024 1320 1099 1365 Ssp.
1148 1320 1222 1354 Der
1246 1320 1360 1365 Konig
1390 1319 1543 1354 schreibt
1568 1320 1641 1353 ihm
1667 1318 1837 1354 ebenialls
1862 1319 1898 1352 in
1924 1319 2037 1352 dieser

416 1378 537 1412 Sache.
588 1379 686 1423 (Reg.
713 1380 779 1414 337
807 1380 833 1416 f.
862 1379 954 1422 184.)

417 1524 516 1564 494.
550 1522 815 1564 Dalmacius
839 1522 894 1564 de
916 1523 1207 1565 Pontonibus
1240 1534 1296 1564 an
1319 1523 1480 1577 Jayme
1502 1522 1588 1563 II.:
1623 1521 1921 1572 Zehntbulle3
1955 1520 2038 1563 der

418 1592 576 1646 Kiinig
607 1593 763 1635 erh‘alt
793 1606 884 1635 nur
915 1595 1050 1635 einen
1071 1593 1174 1635 'Peil
1196 1606 1251 1634 zu
1273 1592 1517 1634 Einfallen
1540 1594 1589 1633 in
1611 1591 1843 1643 Granada3
1876 1591 2039 1633 Infant

417 1664 602 1707 Johann
649 1663 739 1706 soll
786 1665 836 1706 in
876 1664 1013 1706 Paris
1060 1663 1322 1712 studieren;
1371 1662 1788 1716 Schwierigkeiten
1835 1662 1910 1704 bei
1951 1661 2038 1704 den

417 1735 648 1778 vakanten
680 1734 942 1786 Pfri’mden3
977 1734 1288 1787 Schilderung
1319 1735 1451 1776 einer
1483 1733 1640 1786 Szene,
1672 1734 1758 1775 wie
1791 1732 1874 1774 der
1896 1732 2040 1786 Papst

418 1807 553 1848 einen
586 1807 746 1848 seinen
766 1806 981 1848 Verzicht
1011 1805 1304 1848 bereuenden
1335 1804 1428 1847 und
1460 1803 1784 1846 beweinenden
1817 1803 2040 1846 Kleriker

679 1876 965 1930 hinausjagt.
1027 1876 1240 1930 Avignon
1272 1875 1424 1931 (1317)
1457 1876 1666 1917 Februar
1696 1874 1768 1916 22.

560 1970 753 2013 Tantum
786 1971 979 2023 tardavi,
1014 1971 1120 2026 quia
1151 1971 1236 2013 hoc
1269 1969 1433 2012 accidit
1465 1971 1651 2024 propter
1682 1967 1870 2022 negocia
1899 1967 2040 2010 Galli-

420 2054 575 2084 corum
610 2044 652 2083 et
684 2041 1041 2093 Flandrensiun1‚
1076 2042 1239 2097 quibus
1284 2040 1492 2083 dominus
1536 2052 1657 2094 papa
1701 2038 1787 2081 fuit
1819 2041 1863 2080 et
1896 2038 2042 2080 adhuc

423 2115 490 2155 est
528 2112 839 2167 multipliciter
880 2115 923 2154 et
962 2113 1171 2154 continue
1203 2114 1461 2166 occupatus.
1524 2110 1582 2152 Et
1614 2110 1746 2152 mitto
1779 2109 1920 2160 vobis,
1963 2109 2041 2151 do-

421 2184 554 2235 mine,
592 2183 792 2225 litteram
826 2197 961 2237 super
993 2184 1179 2234 decima,
1219 2196 1304 2236 que
1337 2181 1556 2224 remansit
1589 2182 1642 2222 de
1674 2180 1795 2222 facto
1827 2179 2039 2221 Almerie.

421 2254 480 2295 Et.
520 2254 643 2296 nullo
682 2255 816 2297 modo
850 2268 947 2297 eam
981 2255 1109 2310 potui
1144 2254 1276 2295 aliter
1308 2253 1525 2304 obtinere,
1558 2265 1662 2307 ymo
1695 2251 1801 2293 fecit
1834 2250 2042 2292 dominus

422 2338 540 2379 papa
573 2338 705 2379 posse
729 2339 873 2378 suum,
909 2327 1027 2381 quod
1055 2339 1134 2368 vos
1158 2324 1386 2367 haberetis
1409 2326 1599 2379 partem,
1635 2325 1678 2364 et
1701 2321 1838 2363 aliam
1867 2324 2041 2375 partem

425 2399 720 2450 apportarent
742 2397 799 2439 ad
833 2397 1003 2439 curiam
1036 2397 1104 2438 illi
1136 2396 1287 2438 clerici
1319 2395 1402 2447 sui,
1437 2394 1514 2449 qui
1546 2396 1650 2436 sunt
1682 2393 1757 2434 ibi.

566 2465 798 2509 Concessit
811 2467 947 2509 michi
965 2468 1185 2509 decimam
1208 2467 1426 2508 maiorem
1449 2478 1528 2507 sex
1544 2477 1764 2506 annorum
1782 2462 2043 2516 impositam

423 2550 503 2591 per
548 2538 777 2580 dominum
811 2537 1099 2590 Clementem,
1144 2538 1209 2579 ita
1254 2537 1373 2593 quod
1410 2537 1464 2578 de
1497 2548 1550 2577 ea
1581 2534 1880 2587 tractantur&
1914 2532 2043 2575 vobis

427 2608 627 2663 quolibet
666 2622 781 2650 anno
822 2610 876 2652 de
913 2610 1085 2651 XXXV
1116 2608 1226 2650 mill.
1266 2621 1409 2663 usque
1449 2607 1506 2648 ad
1544 2606 1623 2647 XL
1645 2604 1755 2647 mill.
1780 2603 1928 2657 libr.1)
1961 2614 2042 2657 pro

425 2677 673 2732 faciendab)
699 2714 706 2720 .
733 2714 741 2721 .
766 2714 774 2722 .
801 2681 1003 2735 quolibet
1025 2693 1142 2722 anno
1174 2680 1220 2721 in
1247 2691 1386 2734 regno
1411 2676 1612 2720 Granate
1637 2677 1694 2718 ad
1717 2674 2043 2717 devastandum

425 2749 599 2791 fructus
633 2751 833 2804 quolibet
869 2765 999 2803 anno,
1034 2764 1146 2805 quos
1171 2748 1410 2793 Sarraceni
1442 2750 1627 2802 possent
1656 2745 1880 2800 colligere,
1905 2746 1948 2785 et
1970 2757 2040 2785 ex0

425 2821 669 2875 pugnando
717 2822 982 2876 capiendum
1031 2824 1201 2873 castra,
1249 2821 1289 2862 si
1336 2819 1436 2873 capi
1482 2818 1658 2872 possint
1814 2815 1877 2856 De
1921 2815 2043 2855 statu

497 2890 549 2916 494
568 2891 597 2934 ³)
623 2891 713 2925 Statt
737 2892 942 2925 tradantur?
992 2892 1022 2935 b)
1049 2892 1140 2925 Zwei
1163 2891 1307 2924 W'orter
1331 2888 1463 2923 fehlen.

498 2997 550 3023 ⁴9⁴
572 2997 596 3042 ¹)
620 2997 757 3032 Friiher
795 3001 898 3031 unter
922 2996 1084 3033 Clemens
1110 2997 1152 3030 V.
1186 3006 1258 3029 war
1282 3006 1321 3029 er
1345 2994 1433 3029 doch
1458 2992 1527 3027 viel
1552 2992 1721 3037 geringer.
1771 2990 1857 3023 Was
1884 2988 2046 3022 bedeutet

425 3058 562 3093 decima
585 3056 717 3091 maior?
