2296 3512
1084 247 1403 289 —834—

434 377 653 419 infantem
685 377 730 418 P.
767 379 810 418 et
831 375 1169 431 Hospitalarios
1202 389 1283 431 per
1316 375 1565 417 Arnaldum
1602 375 1655 416 de
1688 373 1873 417 Cumbis
1908 373 2052 416 archi—

436 448 674 495 diaconum
696 448 737 489 b.
762 447 905 489 Marie
929 447 981 488 de
1005 446 1121 488 Mari
1143 446 1186 487 in
1212 446 1400 488 ecclesia
1421 445 1775 487 Barchinonensi
1793 448 2050 487 tractata-m.

434 519 492 560 Et
525 518 670 560 adhuc
701 517 1005 572 Berengarius
1038 517 1091 558 de
1122 517 1265 559 Jorba
1299 516 1431 558 dixit:
1488 515 1586 557 Nisi
1620 515 1779 557 citacio
1802 518 2052 564 revocetur,

437 589 614 639 dubito,
663 588 782 642 quod
830 587 1011 630 domino
1058 587 1156 642 regi
1187 587 1366 643 placeat
1397 587 1487 628 ista
1518 586 1592 627 via
1627 620 1634 627 .
1661 619 1668 627 .
1699 620 1706 627 .
1741 586 1943 637 Fraterss)
1976 586 2054 627 do-

435 659 546 701 mini
600 658 721 713 regis
772 658 1095 700 Maioriearnm
1154 658 1286 699 hodie
1344 657 1456 698 hora
1508 669 1802 712 vesperarum
1864 655 2055 697 intrabit

435 729 584 772 locum
628 729 764 771 istum
810 735 854 770 et
884 728 1007 770 venit
1045 729 1099 770 de
1142 728 1333 783 Neapoli
1478 727 1730 782 Episcopus
1773 726 1946 782 Urgelli
1988 729 2055 768 est

437 799 741 842 confirmatus.
807 798 988 854 Scripta
1017 799 1242 841 Auinione
1274 798 1415 840 XVII.
1440 798 1657 840 kalendas
1691 797 1900 852 Augusti.

580 870 624 911 P.
661 870 715 911 de
736 870 941 912 Abbacia
975 869 1216 912 canonicus
1249 868 1517 910 Valentinus
1555 872 1599 910 et
1631 881 1738 910 311113
1772 868 1817 909 in
1850 868 2056 910 Romana

438 941 563 982 curia
594 943 877 996 procurator.

438 1073 536 1113 517.
569 1070 803 1112 Arnaldus
830 1070 886 1112 de
908 1069 1092 1112 Cumbis
1125 1082 1182 1111 an
1214 1070 1375 1124 Jayme
1396 1069 1485 1110 IL:
1518 1069 1754 1112 Johannes
1786 1068 2057 1110 bezeichnet

437 1141 512 1183 die
543 1141 745 1183 Tochter
776 1139 933 1194 Kiim‘g
963 1140 1234 1183 Friedrichs
1279 1140 1347 1181 als
1392 1152 1446 1181 zu
1490 1140 1558 1181 alt
1598 1138 1684 1181 fi‘u·
1715 1138 1803 1180 den
1833 1138 2057 1180 Infanten

436 1212 614 1264 Pedr0‚
669 1212 814 1253 neunt
864 1210 1108 1253 Friedrich
1166 1210 1253 1251 (1611
1305 1208 1521 1263 griissten
1572 1209 1914 1251 Kirchenfeind
1965 1209 2057 1251 seit

437 1283 525 1324 200
554 1283 745 1336 Jahren,
777 1282 878 1324 lobt
910 1282 1031 1323 (131111
1063 1280 1505 1333 ausserordeiltlich,
1537 1280 1655 1322 nach
1682 1279 1835 1333 Kiinig
1856 1280 2057 1322 Roberts

437 1352 766 1408 Empfehlung‚
812 1352 888 1394 (lie
919 1352 1120 1394 Tochter
1153 1351 1372 1406 (Blanca)
1415 1351 1493 1393 des
1525 1352 1727 1393 Fiirsten
1766 1362 1853 1392 von
1884 1350 2058 1392 'Parent

439 1423 532 1466 und
571 1423 809 1477 empfiehlt
848 1423 981 1464 nicht
1012 1434 1062 1465 30
1095 1422 1181 1464 auf
1208 1422 1283 1464 die
1314 1421 1496 1475 Mitgift
1528 1434 1583 1463 zu
1614 1422 1770 1463 seben.
1804 1447 1857 1450 —
1893 1422 2057 1463 Unter-

439 1494 638 1547 haltung
669 1495 785 1535 iiber
817 1493 904 1535 (1611
937 1492 1195 1535 Charaktei·
1226 1493 1304 1534 (163
1337 1493 1724 1545 aragonesischen
1756 1491 1942 1545 Volkes,
1976 1492 2059 1534 der

440 1564 659 1606 Infanten
682 1564 876 1606 Alfonso
909 1564 1003 1605 und
1028 1564 1195 1606 Pedro.
1220 1589 1273 1592 —
1297 1563 1517 1605 Verzicht
1549 1562 1635 1604 auf
1661 1564 1764 1605 eine
1786 1563 2058 1605 Kal-(linals-

438 1636 706 1689 promotion
749 1646 907 1688 wegen
952 1636 1078 1676 eines
1118 1635 1311 1676 Zwistes
1352 1634 1441 1675 mit
1478 1633 1782 1675 Frankreich.
1846 1633 2059 1686 Avignon

863 1705 1023 1760 (1326)
1056 1705 1310 1747 December
1341 1705 1395 1746 27
1429 1705 1523 1746 und
1555 1705 1625 1746 ⁶28.

580 1787 799 1842 Exposito
840 1800 921 1842 per
958 1801 1040 1830 nos
1073 1787 1254 1829 domino
1287 1792 1444 1829 nostro
1476 1800 1595 1842 pape
1627 1786 1747 1828 facto
1779 1787 2060 1829 matrimonii

441 1858 611 1901 domini
632 1858 820 1900 infantis
843 1858 966 1900 Petri
991 1858 1118 1899 iuxta
1140 1859 1325 1899 moduni
1356 1857 1487 1899 nobis
1510 1857 1729 1899 traditum
1757 1871 1838 1912 per
1858 1862 2059 1899 vestram

440 1928 613 1984 regiam
646 1932 943 1983 magestatem
975 1929 1072 1984 ipse
1105 1928 1353 1983 respondit,
1388 1931 1608 1983 quant-uni
1642 1929 1698 1969 ad
1724 1927 1865 1970 filiam
1890 1928 2059 1970 domini

441 1999 561 2054 regis
592 1999 832 2051 Frederici,
868 2000 987 2054 quod
1021 2002 1117 2040 erat
1149 1998 1284 2040 nimis
1318 1998 1524 2053 antiqua!
1588 1998 1645 2039 Et
1679 2011 1779 2040 cum
1817 1998 2059 2054 replicare-

441 2073 516 2111 tur
548 2070 647 2121 sibi,
683 2070 801 2125 quod
834 2069 946 2112 satis
980 2073 1078 2111 erat
1109 2069 1284 2111 iuvenis
1319 2072 1361 2110 et
1391 2069 1511 2124 quod
1545 2071 1642 2110 erat
1674 2069 1793 2110 bona
1826 2072 1870 2110 et
1900 2069 2060 2124 pulcra

444 2144 485 2181 et
518 2141 713 2182 habebat
747 2141 912 2182 bonam
946 2140 1111 2192 dotem,
1161 2139 1274 2181 dixit
1309 2140 1428 2194 quod
1460 2140 1557 2194 ipse
1589 2139 1848 2182 nullatenus
1881 2139 2059 2195 dispen-

443 2216 578 2263 saret,
613 2211 718 2265 quia
752 2211 958 2253 dominus
990 2224 1070 2252 rex
1102 2210 1369 2252 Fredericus
1402 2224 1491 2252 non
1524 2210 1722 2252 habebat
1754 2210 1824 2252 ius
1850 2210 1895 2252 in
1922 2213 2059 2259 terra,

444 2295 579 2337 quam
616 2282 813 2332 tenebat,
852 2281 989 2323 inimo
1025 2295 1123 2322 eam
1155 2281 1340 2322 tenebat
1374 2287 1532 2323 contra
1566 2281 1709 2322 Deum
1743 2283 1786 2322 et
1817 2280 2057 2323 iusticiam.

444 2352 499 2394 Et
544 2356 641 2393 erat
680 2351 888 2394 inimicus
928 2351 1110 2393 ecclesie
1143 2354 1186 2392 et
1217 2351 1364 2393 maior
1396 2351 1617 2403 tirannus,
1653 2351 1729 2406 qui
1760 2350 1897 2392 fuerit
1930 2365 1956 2392 a
1989 2349 2061 2394 CO

446 2422 573 2464 annis
607 2422 731 2463 citra.
792 2422 896 2463 Fuit
928 2421 1014 2464 sibi
1056 2422 1238 2473 dictum,
1283 2422 1402 2476 quod
1445 2422 1652 2464 dominus
1692 2421 1843 2463 infans
1884 2421 2059 2473 Petrus,

446 2493 542 2548 quit
575 2496 672 2534 erat
704 2495 827 2534 totus
861 2506 981 2544 suus,
1014 2492 1246 2534 laboraret
1279 2494 1523 2534 secundum
1551 2492 1887 2534 ordinacionem
1917 2505 2059 2544 suam,

446 2564 565 2619 quod
599 2563 837 2616 discordia,
888 2577 972 2617 que
1007 2566 1105 2604 erat
1135 2563 1254 2605 inter
1286 2563 1518 2605 dominum
1551 2577 1703 2618 regem
1735 2563 1983 2605 Robertum
2017 2566 2062 2604 et

446 2634 676 2676 dominum
702 2647 854 2688 regem
877 2633 1177 2686 Fredericum,
1211 2634 1384 2675 veniret
1418 2634 1475 2674 ad
1498 2637 1667 2676 statum
1693 2636 1735 2675 et
1755 2634 1904 2686 finem,
1928 2646 2060 2688 quem

444 2705 540 2759 ipse
574 2705 782 2747 dominus
816 2717 936 2759 papa
968 2703 1115 2745 vellet.
1178 2705 1235 2745 Et
1268 2704 1363 2759 ipse
1397 2704 1524 2757 dixit,
1562 2705 1681 2759 quod
1712 2717 1801 2745 non
1835 2704 2059 2756 credebat,

447 2776 566 2830 quod
597 2778 751 2830 posset
783 2774 893 2816 fieri.
956 2775 1015 2816 Et
1063 2774 1168 2829 quia
1214 2775 1334 2816 circa
1376 2774 1504 2815 illam
1547 2774 1787 2816 materiam
1831 2774 1928 2829 ipse
1971 2786 2061 2816 non

446 2847 597 2900 potest
628 2845 813 2900 pacifice
845 2844 984 2900 loqui,
1017 2858 1105 2886 non
1138 2845 1386 2887 institimus
1421 2845 1627 2900 amplius.

516 2963 568 2988 516
588 2962 613 3002 ³)
640 2963 750 2995 Wer‘:
788 2962 860 2996 Der
889 2962 994 3006 junge
1021 2962 1133 3005 Kenig
1157 2963 1280 3005 ἱ1351116
1306 2962 1352 2995 11.
1379 2962 1474 2995 hatte
1500 2962 1626 2995 keinen
1650 2961 1796 2995 Bruder.
1848 2960 1898 2994 Ob
1924 2960 2060 3004 Philipp

446 3031 514 3054 von
539 3020 713 3063 Mallorca,
740 3021 801 3054 der
825 3021 962 3054 Bmder
987 3021 1046 3054 (163
1071 3020 1321 3055 verstorbenen
1346 3020 1498 3064 Konigs?
