2296 3512
1022 256 1337 296 —878—

369 384 498 427 nobis
558 384 604 425 in
667 397 719 425 ea
780 383 1054 439 quantitate,
1117 397 1206 438 qua
1266 383 1395 426 vobis
1458 382 1603 426 visum
1663 383 1800 425 fuerit
1857 395 1988 437 expe-

370 455 479 507 dire,
536 456 580 496 et
634 467 730 496 eam
785 453 914 496 nobis
967 453 1162 497 mittatis
1215 467 1295 508 per
1349 467 1578 497 cursorem
1630 456 1836 496 nostrum
1888 466 1989 507 pre-

370 525 568 568 sencium
616 525 822 567 latorem.
914 524 1127 566 Preterea
1171 524 1210 566 si
1257 524 1518 567 discretioni
1564 527 1713 567 vestre
1759 523 1991 566 videretur

369 595 638 648 faciendum,
671 595 870 649 placeret
901 594 1047 648 nobis,
1081 597 1125 637 et
1157 595 1297 637 eciam
1331 595 1459 637 vobis
1490 594 1683 636 multum
1712 594 1990 650 regraciare-

370 680 484 718 mur,
530 665 569 708 si
608 666 739 709 nobis
780 665 825 707 in
859 665 1041 720 scriptis
1072 665 1334 718 mitteretis,
1377 679 1430 708 ex
1464 665 1627 721 quibus
1661 668 1703 708 et
1737 677 1824 720 quo
1856 664 1990 706 modo

373 737 541 779 dictum
583 736 876 778 electuarium
924 749 1003 778 seu
1051 736 1273 779 confeccio
1320 736 1372 778 fit
1414 740 1457 778 et
1501 735 1814 791 exprimeretis
1854 734 1991 777 etiam

371 808 463 862 ree)
498 842 506 849 .
541 841 549 848 .
586 842 593 848 .
629 810 803 860 crenta,
847 820 984 862 quam
1029 807 1279 861 exprimere
1323 807 1554 859 noluistis,
1604 806 1706 850 aliis
1751 805 1991 861 expressis,

374 879 552 933 quando
596 877 926 920 eonfeccionem
966 878 1113 932 ipsam
1156 877 1342 920 fecistis.
1415 879 1508 920 Nos
1549 877 1662 919 enim
1708 877 1789 918 hec
1821 878 1992 919 secrete

372 952 591 1001 tenemus,
626 948 825 1004 quandiu
856 949 1121 1003 procederet
1154 949 1208 990 de
1241 951 1388 990 vestre
1420 947 1703 1003 beneplacito
1730 946 1992 990 voluntatis.

372 1020 430 1062 Et
472 1019 791 1062 nichilominus
828 1032 1043 1075 rogamus
1087 1031 1168 1062 vos
1219 1033 1320 1061 cum
1361 1018 1561 1061 maxima
1600 1018 1844 1070 instancia,
1877 1017 1995 1060 sicut

373 1091 464 1132 iam
496 1103 576 1144 per
609 1089 723 1133 alias
755 1094 936 1133 nostras
969 1090 1147 1133 litteras
1178 1102 1259 1132 vos
1286 1089 1563 1145 rogavimus,
1596 1092 1647 1131 ut
1667 1088 1841 1131 mitatis
1864 1087 1995 1130 nobis

375 1161 605 1216 speculum
638 1161 870 1213 medicine,
906 1168 1048 1213 cume)
1083 1195 1120 1203 ..
1148 1194 1156 1202 .
1190 1160 1341 1216 ipsum
1374 1160 1541 1202 habere
1575 1159 1847 1202 affectemus.
1893 1158 1995 1201 Pol-

373 1231 562 1274 licemur
604 1232 768 1274 etenim
810 1232 957 1284 vobis,
1004 1232 1123 1287 quod
1163 1231 1276 1273 nulli
1316 1244 1507 1286 persone
1548 1230 1660 1272 illud
1693 1230 1995 1282 ostendemus,

374 1301 463 1344 nisi
495 1305 660 1354 tamen,
694 1302 764 1344 crui
796 1302 1030 1344 volueritis
1055 1305 1099 1343 et
1124 1302 1254 1344 nobis
1278 1301 1497 1344 duxeritis
1523 1301 1838 1343 intimandum.
1890 1300 1995 1342 Dat.

375 1373 587 1415 Valencie
640 1373 806 1415 XVIII.
846 1373 1065 1415 kalendas
1119 1371 1397 1427 Septembris
1451 1386 1568 1414 anno
1622 1371 1791 1415 domini
1839 1368 1998 1413 MCCO

376 1447 549 1486 octavo.

517 1513 601 1558 Reg.
631 1513 698 1549 140
722 1514 748 1549 f.
777 1514 882 1549 145v.

380 1659 476 1698 556.
512 1655 807 1699 Christianus
840 1654 1033 1711 Spinula
1064 1669 1121 1698 an
1153 1657 1314 1712 Jayme
1340 1657 1431 1698 II.:
1470 1657 1649 1698 Ramon
1682 1656 1836 1710 Lugin
1868 1655 2000 1697 hatte

379 1728 462 1770 ihn
506 1726 833 1781 ausgefordert
869 1728 992 1769 heim
1030 1727 1202 1782 Papste
1235 1727 1323 1770 mit
1354 1726 1530 1769 andern
1569 1739 1623 1769 zu
1663 1726 1856 1777 wirken‚
1895 1724 2000 1767 dass

380 1809 432 1841 er
471 1798 546 1840 die
584 1796 802 1840 Christen
846 1811 950 1840 zum
994 1798 1264 1851 Kreuzzuge
1303 1799 1424 1840 nach
1467 1796 1668 1852 Spanien
1714 1797 1998 1847 veranlasse3

380 1880 537 1923 wegen
570 1868 654 1911 der
685 1869 933 1923 traurigen
964 1869 1288 1911 Verhaltm‘sse
1321 1867 1505 1912 Genuas
1542 1868 1717 1911 konnte
1750 1866 2001 1911 Schreiber

384 1940 517 1982 nicht
537 1939 797 1991 hinreisen3
822 1950 872 1982 so
895 1939 1008 1993 geht
1023 1940 1202 1982 Ramon
1224 1939 1342 1982 nach
1367 1939 1602 1982 Marseille
1634 1951 1689 1981 zu
1715 1936 1893 1981 Arnald
1914 1948 2003 1980 von

380 2010 626 2053 villanova
656 2010 747 2053 und
779 2010 901 2052 dann
933 2023 1015 2052 zur
1040 2010 1203 2053 Kurie.
1267 2009 1425 2053 Genua
1455 2009 1632 2064 (13082)
1664 2008 1937 2064 September
1959 2007 2002 2050 4.

522 2105 608 2146 Per
648 2104 879 2147 dominum
919 2104 1109 2146 fratrem
1149 2105 1435 2147 Ramondum
1477 2105 1668 2160 Lugina)
1710 2104 1814 2159 ipsa
1853 2100 2002 2158 [nova]

385 2175 498 2218 meis
542 2175 747 2230 apicibus
787 2174 930 2229 pridie
964 2175 1200 2227 destinavi,
1244 2175 1320 2231 (1111
1364 2176 1421 2217 ad
1465 2175 1753 2218 maiestatem
1800 2177 2002 2217 vestram

386 2245 576 2301 [dirigit]
623 2246 711 2288 iter
754 2259 899 2298 suum,
946 2246 1023 2301 qui
1068 2245 1204 2288 etiam
1248 2259 1319 2288 me
1352 2246 1498 2302 pridie
1542 2246 1801 2301 requisivit,
1861 2249 1911 2287 ut
1937 2244 2003 2286 ire

385 2316 593 2359 deberem
626 2317 682 2358 ad
716 2316 887 2358 curiam
921 2316 1085 2359 summi
1116 2316 1344 2372 pontificis
1373 2331 1474 2359 cum
1501 2317 1636 2359 certis
1660 2317 1789 2359 bonis
1811 2315 2003 2359 homini-

383 2387 468 2430 bus
500 2389 620 2428 terre
651 2387 884 2441 nostre(?),
919 2400 1032 2442 quos
1064 2387 1373 2442 requixiverat
1400 2388 1532 2430 velud
1564 2402 1648 2440 me,
1683 2388 1740 2430 ad
1772 2386 2005 2442 requiren-

386 2458 493 2500 dum
526 2459 570 2498 et
602 2457 934 2513 deprecandum
968 2458 1116 2513 ipsum
1148 2471 1374 2500 summum
1396 2458 1669 2514 pontificem,
1694 2458 1815 2513 quod
1836 2458 2006 2499 honore

387 2531 431 2570 et
462 2529 579 2570 bono
611 2527 715 2570 fidei
749 2528 996 2571 christiano
1028 2527 1197 2571 faceret
1229 2532 1386 2585 gentes
1420 2542 1650 2572 assumere
1676 2542 1853 2571 crucem
1876 2541 2005 2571 sanc-

386 2602 480 2640 tam
514 2612 650 2654 super
670 2601 794 2640 terra
817 2597 1172 2642 Sarracenorum
1197 2600 1399 2655 Yspanie
1422 2600 1468 2642 in
1490 2602 1615 2642 terra
1642 2599 1762 2655 regis
1787 2598 2003 2642 Granate.

389 2703 397 2710 .
434 2703 442 2710 .
477 2703 485 2710 .
522 2670 712 2725 Propter
750 2669 921 2711 malum
961 2674 1147 2723 statum,
1188 2671 1235 2712 in
1278 2684 1365 2726 quo
1407 2674 1645 2726 permanet
1677 2674 1799 2713 terra
1833 2672 2004 2722 nostra,

386 2740 434 2781 in
466 2739 536 2782 his
570 2740 802 2782 attendere
833 2753 923 2782 non
955 2740 1124 2782 valens.
1188 2741 1315 2783 Unde
1347 2740 1552 2797 prefatus
1580 2741 1788 2784 dominus
1810 2741 2006 2782 Ramon-

390 2811 472 2853 dus
507 2810 676 2863 videns,
710 2811 830 2866 quod
861 2811 915 2852 de
948 2810 1131 2853 civitate
1162 2825 1252 2854 non
1283 2824 1526 2867 possumus
1559 2825 1787 2867 separare,
1821 2811 1878 2853 ad
1906 2824 2006 2866 pre-

391 2894 493 2923 sens
536 2881 663 2923 vadit
702 2880 963 2923 Marxiliam
1003 2882 1060 2923 ad
1091 2881 1363 2938 magistrum
1395 2882 1648 2925 Arnaldum
1682 2883 1735 2924 de
1767 2881 2008 2923 Villanova

391 2951 447 2992 ob
496 2952 689 2993 eundum
735 2953 792 2994 ad
838 2951 1009 2994 curiam
1051 2952 1216 2994 summi
1255 2952 1482 3008 pontificis
1537 2966 1673 2996 causa
1704 2951 1933 2994 tractandi
1965 2955 2009 2994 et

461 3032 513 3060 555
535 3040 563 3075 ⁰)
590 3033 680 3067 Zwei
706 3033 849 3068 Worter
873 3032 1003 3068 fehlen.
1030 3053 1074 3058 ——
1105 3033 1159 3060 556
1177 3036 1207 3078 a)
1233 3035 1297 3068 Mit
1322 3034 1661 3080 Abln'irzungsstrich
1686 3033 1774 3068 iiber
1798 3034 1819 3067 i.
