2296 3512
907 250 1227 290 —703—

255 380 300 422 in
349 378 520 421 cunctis
568 378 755 434 agendis
801 391 890 419 non
931 379 1137 419 nostram
1177 380 1246 420 set
1284 377 1442 432 pocius
1480 377 1565 419 Dei
1599 376 1877 418 voluntatem

257 449 598 504 adimpleamus.
662 448 837 490 Idcirco
871 448 925 488 de
957 447 1112 489 liberis
1135 447 1305 489 nostris
1338 448 1459 490 istud
1490 447 1536 489 in
1569 447 1703 489 corde
1726 445 1878 487 firma-

255 521 415 570 vimus,
445 520 564 574 quod
596 532 739 574 usque
772 518 829 559 ad
863 529 1006 559 annos
1030 516 1321 559 discrecionis
1344 517 1640 559 informemus
1662 528 1753 568 eos,
1779 529 1879 557 cum

257 592 427 646 quanta
464 589 715 644 poterimus
749 587 1004 643 diligencia,
1039 587 1185 630 solum
1220 589 1276 629 ad
1310 589 1671 642 cognoscendum
1705 590 1748 628 et
1780 586 1877 628 dili-

256 661 447 717 gendum
485 663 688 701 eternum
721 672 888 713 regem,
923 658 1001 713 qui
1032 660 1184 713 potest
1217 657 1280 699 eis
1312 660 1405 700 tam
1441 658 1635 712 gloriam
1671 663 1714 700 et
1740 657 1879 699 hono-

256 745 352 773 rem
395 743 530 785 quam
572 729 735 772 salutis
768 729 985 784 gaudium
1018 728 1115 770 81116
1146 728 1233 769 fine
1266 728 1479 770 tribuere.
1543 728 1646 780 Qua
1678 728 1880 770 conside-

255 801 437 844 racione
476 800 757 843 consciencia
794 813 877 841 nos
917 799 1092 854 obligat
1130 801 1174 840 et
1212 798 1430 840 informat
1463 800 1519 840 ad
1552 799 1880 854 expectandum
1932 824 1940 830 -

256 875 350 914 tam
373 872 419 913 in
445 870 752 927 primogenita
783 873 942 913 nostra
975 883 1111 925 quam
1144 869 1190 911 in
1224 869 1386 911 ceteris
1403 869 1560 912 liberis
1580 882 1721 911 annos
1750 871 1881 910 natu-

256 942 367 985 ralis
412 941 716 984 discrecionis.
789 941 848 983 Et
891 941 929 983 si
975 944 1081 982 tunc
1126 939 1320 982 forsitan
1363 939 1616 995 inspirante
1659 939 1881 981 altissimo

256 1013 392 1056 vellet
444 1012 611 1068 aliquis
663 1012 910 1054 liberorum
963 1019 1224 1053 nostrorum
1287 1010 1333 1052 in
1394 1011 1659 1065 virginitate
1712 1010 1882 1052 servire

257 1084 440 1127 domino
479 1083 622 1125 Jhesu
664 1081 859 1135 Christo,
902 1081 1028 1124 nulla
1069 1082 1251 1123 racione
1294 1080 1632 1136 impediremus,
1675 1083 1743 1123 set
1782 1094 1883 1122 cum

257 1154 380 1197 omni
427 1154 670 1196 devocione
716 1166 1097 1209 prosequeremur
1144 1152 1228 1194 Dei
1274 1155 1434 1194 nutum
1484 1153 1528 1193 et
1575 1152 1742 1193 donum
1788 1154 1884 1193 tam

258 1225 518 1267 excellentis
566 1224 719 1280 gracie
767 1225 1053 1266 studeremus
1100 1223 1210 1265 totis
1258 1223 1432 1265 viribus
1481 1235 1763 1264 conservare.
1837 1220 1885 1264 Si

257 1299 409 1338 tamen
435 1299 544 1338 tunc
577 1295 764 1351 eligeret
794 1294 1102 1352 primogenita
1134 1297 1293 1336 nostra
1325 1293 1495 1337 servire
1529 1293 1711 1335 domino
1743 1292 1885 1335 Jhesu

259 1365 440 1409 Christo
472 1367 519 1408 in
552 1369 676 1409 statu
724 1365 938 1421 coniugii,
985 1379 1066 1421 pre
1099 1365 1273 1407 cunctis
1322 1364 1423 1408 aliis
1470 1378 1631 1419 regum
1677 1363 1885 1406 domibus

258 1437 526 1494 eligeremus
569 1451 668 1480 eam
711 1437 984 1492 coniungere
1024 1439 1132 1478 nato
1175 1439 1342 1479 vestro.
1406 1436 1510 1478 Dat.
1554 1435 1762 1478 Messane
1801 1434 1884 1478 sub

258 1522 401 1564 parvo
445 1508 597 1564 sigillo
642 1511 799 1551 nostro
845 1510 1019 1551 secreto
1065 1507 1315 1563 penultimo
1359 1506 1570 1549 Januarii
1608 1503 1771 1547 VIIIIO.
1819 1505 1886 1547 in-

259 1580 467 1622 dictione.

400 1652 458 1693 Et
497 1650 543 1692 in
586 1650 723 1693 simili
764 1649 913 1692 forma
955 1652 999 1691 et
1036 1650 1171 1691 modo
1204 1648 1427 1705 scriptum
1461 1651 1530 1691 est
1560 1647 1658 1703 regi
1691 1645 1887 1690 Castelle

260 1735 396 1777 super
428 1722 548 1764 dicto
580 1721 782 1777 negocio.

401 1803 491 1839 CRD
520 1803 650 1839 10059.
693 1803 845 1837 Gleichz.
863 1801 974 1846 Kopie
997 1802 1082 1846 Pap.
1108 1812 1170 1836 3118
1194 1802 1257 1836 (161
1281 1800 1540 1835 sizilianischen
1563 1799 1720 1835 Kanzlei.
1763 1799 1889 1833 Dieser

261 1863 338 1896 eine
362 1863 487 1897 hochst
510 1862 764 1906 merkwiirdige
782 1861 985 1906 Gesinnung
1009 1860 1238 1895 bekundende
1257 1860 1356 1895 Brief
1381 1859 1523 1893 verliert
1550 1861 1656 1893 etwas
1680 1869 1749 1892 von
1773 1858 1889 1892 seiner

260 1921 522 1964 Besonderheit,
549 1922 593 1955 (13
617 1932 655 1955 61
679 1921 744 1955 11111
769 1920 1067 1964 Verhandlungen
1092 1920 1157 1953 mit
1179 1920 1211 1954 J.
1239 1918 1562 1962 zusammenhangt.
1604 1917 1669 1952 Die
1689 1917 1889 1952 Gesandten

262 1980 458 2015 Friedrichs
490 1981 547 2025 (fr.
573 1980 786 2025 Peregrinus
818 1980 890 2014 und
922 1980 1130 2014 Franciscus
1161 1978 1204 2013 de
1226 1979 1400 2023 Johanne)
1431 1977 1554 2012 hatten
1585 1989 1618 2012 u.
1645 1987 1675 2014 a.
1707 1976 1889 2021 folgendes

262 2039 451 2074 Schreiben
479 2040 621 2084 Jaymes
646 2039 936 2074 mitbekommen:
962 2039 1116 2073 Didacus
1142 2038 1262 2072 Garsie
1289 2066 1296 2073 .
1325 2065 1332 2072 .
1361 2065 1367 2072 .
1394 2037 1577 2081 requisivit
1602 2036 1645 2070 de
1669 2035 1889 2070 matrimonio

263 2098 497 2133 contrahendo
522 2099 614 2133 inter
638 2098 789 2133 nobilem
815 2098 1002 2133 Alfonsum
1027 2097 1142 2132 filium
1167 2099 1323 2131 vestrum
1351 2117 1394 2121 —
1421 2096 1524 2131 einen
1548 2095 1770 2130 natiirlichen
1795 2094 1890 2130 Sohn

263 2157 471 2200 Friedrichs5
498 2158 566 2192 der
589 2158 624 2191 in
649 2157 846 2202 Aragonien
873 2168 1022 2201 erzogen
1046 2157 1166 2192 wurde
1193 2177 1237 2181 —
1263 2167 1369 2200 quem
1394 2155 1430 2189 in
1455 2156 1557 2189 domo
1587 2156 1707 2189 nostra
1732 2153 1889 2188 nutrien-

264 2217 347 2250 dum
367 2216 582 2260 suscepimus
607 2227 646 2251 ac
671 2217 781 2251 eciam
805 2216 1081 2260 promovendum
1106 2217 1140 2249 et
1163 2214 1274 2248 filiam
1292 2214 1411 2249 Didaci
1430 2243 1437 2250 .
1459 2243 1467 2250 .
1489 2242 1496 2248 .
1514 2225 1577 2248 nos
1603 2213 1696 2247 enim
1721 2213 1890 2247 habentes

264 2286 325 2319 pro
351 2275 525 2309 indecenti
551 2277 738 2310 tractatum
763 2275 974 2309 matrimonii
1000 2274 1190 2318 supradicti
1217 2302 1223 2308 .
1244 2304 1251 2310 .
1273 2302 1279 2308 .
1306 2274 1423 2308 Dann:
1442 2273 1734 2317 Archiepiscopus
1759 2272 1890 2306 Panor-

264 2334 415 2368 mitanus
445 2334 575 2378 absque
601 2334 829 2368 connivencia
853 2336 971 2368 vestra
1003 2333 1191 2368 intromisit
1218 2334 1281 2378 [se]
1321 2333 1363 2367 de
1394 2332 1616 2366 matrimonio
1654 2331 1890 2366 contrahendo

264 2393 357 2427 inter
382 2393 624 2428 Constanciam
649 2395 766 2427 natam
792 2394 944 2427 vestram
972 2395 1006 2427 et
1031 2392 1233 2437 Philippum
1258 2391 1351 2436 regis
1377 2390 1525 2427 Castelle
1550 2401 1768 2435 germanum.
1811 2389 1892 2423 Gibt

265 2451 445 2486 mundh'ch
475 2452 577 2486 Rath.
630 2451 721 2486 1310
751 2451 956 2496 September
986 2451 1043 2487 24.
1093 2450 1400 2485 Wahrscheinlich
1437 2450 1499 2484 hat
1528 2451 1560 2485 J.
1593 2448 1790 2494 abgewinkt
1819 2448 1891 2482 und

265 2511 312 2545 ist
336 2511 397 2545 das
422 2511 487 2544 mit
527 2511 582 2544 ein
608 2511 729 2545 Grimd
765 2511 826 2544 fin
851 2510 1050 2544 Friedrichs
1076 2510 1277 2545 Schreiben.
1329 2503 1503 2553 Ubrigens
1540 2509 1661 2543 hatten
1699 2508 1806 2542 sehon
1842 2506 1889 2540 im

265 2571 371 2605 Jahre
390 2570 478 2604 1307
506 2580 551 2603 311
576 2570 638 2603 der
661 2569 770 2603 Kurie
798 2569 1096 2614 Verhandlungen
1123 2580 1185 2604 zur
1212 2567 1453 2613 Vermahlung
1478 2569 1721 2602 Konstanzens
1747 2567 1890 2611 stattge-

266 2629 411 2663 funden.
473 2628 551 2672 Vgl.
591 2628 709 2671 Finke,
752 2628 936 2672 Papsttum
974 2629 1044 2662 und
1083 2629 1288 2673 Untergang
1324 2628 1385 2662 des
1421 2626 1708 2671 Templerordens
1745 2625 1791 2667 Π,
1834 2625 1890 2659 33.

267 2687 373 2723 Sollte
398 2687 579 2722 Friedrich
604 2688 725 2721 darum
750 2687 847 2720 nieht
871 2688 1024 2731 gewusst
1048 2687 1188 2721 haben?

268 2809 367 2850 442.
420 2806 800 2860 Eigenh'andiger
850 2805 991 2847 Brief
1036 2804 1194 2859 Konig
1244 2806 1448 2849 Roberts
1501 2817 1559 2847 an
1609 2805 1770 2859 Jayme
1801 2803 1889 2845 II.:

269 2878 477 2921 Andreas
509 2878 565 2920 de
596 2878 779 2919 Isernia
815 2876 899 2918 hat
935 2876 1000 2917 im
1041 2876 1395 2919 Konsistorium
1435 2876 1512 2918 bei
1551 2874 1654 2917 dem
1686 2874 1892 2926 Vortrag

269 2951 383 2992 iiber
413 2948 788 3003 Verminderung
831 2947 911 2988 des
943 2947 1116 2988 Zensus
1157 2947 1505 3001 eigenmiichtig
1545 2947 1662 2988 iiber
1701 2944 1890 2987 Erwerb

269 3020 364 3062 und
395 3020 553 3062 Besitz
587 3031 673 3062 von
706 3016 899 3060 Sicilien
921 3016 1194 3060 Ausdriicke
1226 3017 1498 3071 gebraucht,
1531 3016 1606 3058 die
1638 3016 1727 3058 den
1747 3013 1892 3067 Papst
