2296 3512
907 258 1227 297 -673—

257 388 406 428 autem
440 384 546 439 (?)b)
582 418 589 425 .
620 418 628 425 .
659 418 666 426 .
710 383 816 426 fecit
854 397 902 426 se
945 398 1186 426 monacum
1218 386 1410 441 nigrum.
1476 386 1530 428 Et
1565 386 1640 441 qui
1672 386 1797 440 prius
1830 400 1877 428 se

256 456 434 499 dicebat
464 454 618 509 urgeri
641 454 934 505 consciencia,
969 453 1075 508 quia
1096 454 1264 497 fratres
1297 455 1367 497 sui
1390 455 1619 512 minores]
1655 470 1741 498 non
1764 456 1877 499 satis

256 526 412 569 stricte
460 539 541 568 suo
590 524 755 566 iudicio
804 525 1018 566 tenebant
1064 525 1291 580 regulam,
1340 540 1457 568 nunc
1500 527 1546 568 in
1579 540 1626 569 se
1658 527 1877 570 laxiorem

257 597 388 638 valde
413 595 672 649 assumpsit.
726 595 824 637 Ista
851 594 1120 649 septimana,
1155 595 1245 637 sint
1280 596 1347 637 vel
1378 611 1467 639 non
1500 597 1591 640 sint
1623 597 1713 639 alia
1745 611 1877 649 nova,

256 666 485 708 remittam
532 665 744 707 Sancium
787 678 1017 708 cursorem
1059 666 1130 707 vel
1172 666 1228 707 ad
1268 666 1447 722 longius
1480 668 1526 709 in
1557 668 1778 722 principio
1811 681 1878 710 se-

256 736 446 791 quentis.
510 736 731 779 Dominus
764 735 1021 779 Dalmatius
1057 737 1110 778 de
1132 736 1411 779 Pontonibus
1450 742 1603 791 sperat
1629 738 1718 781 ista
1741 738 1879 792 septi-

254 821 390 849 mana
413 820 510 850 esse
533 806 738 848 totaliter
761 806 1010 861 expeditus.
1065 806 1291 850 Mandetis
1313 807 1469 849 michi!
1528 809 1631 850 Dat.
1656 809 1879 851 Auinione
1936 831 1944 837 -

253 878 309 920 X.
333 878 552 920 kalendas
585 877 734 919 Madii,

396 947 485 983 CRD
514 948 645 983 10741.
696 948 754 982 Or.
782 947 862 990 Pap.
891 948 966 991 Ssp.
1017 947 1124 981 Linke
1157 947 1249 981 Seite
1281 947 1466 991 abgefault.
1516 949 1683 983 Adresse:
1723 949 1879 984 Venera-

255 1006 420 1041 bilissimo
462 1006 502 1042 B.
529 1006 572 1040 de
597 1008 790 1041 Auersone.
854 1005 927 1040 Der
958 1005 1143 1040 beriihmte
1169 1006 1311 1040 Minorit
1355 1006 1481 1040 erhielt
1511 1007 1566 1041 die
1591 1007 1774 1042 Erlaubnis
1801 1019 1880 1042 zum

256 1066 406 1101 Austritt
444 1066 513 1099 und
552 1059 724 1100 [ibertritt
761 1076 816 1099 am
856 1067 886 1101 1.
920 1064 1072 1099 Oktober
1105 1066 1205 1099 1317.
1257 1065 1333 1110 Vgl.
1366 1066 1405 1100 E.
1438 1066 1566 1106 Knoth,
1604 1067 1774 1101 Ubertino
1813 1077 1880 1101 von

254 1124 372 1160 Casale
398 1124 518 1169 (1903)
559 1124 592 1160 S.
620 1125 688 1158 134
713 1124 784 1158 und
810 1124 873 1160 Ch.
898 1124 1012 1165 Huck,
1039 1123 1209 1158 Ubertino
1234 1135 1303 1158 von
1328 1124 1448 1160 Casale
1473 1124 1593 1169 (1903)
1619 1125 1651 1159 S.
1667 1126 1723 1160 36.

255 1246 353 1286 425.
401 1245 564 1299 Jayme
601 1245 668 1286 H.
722 1256 779 1285 an
836 1242 995 1296 Kiinig
1041 1243 1310 1285 Friedrich:
1377 1244 1590 1286 erinnert
1642 1257 1699 1285 an
1753 1244 1880 1286 seine

254 1314 482 1357 friiheren
527 1313 781 1357 Schreibeu
829 1315 945 1356 iiber
989 1314 1065 1356 die
1109 1314 1368 1367 fliichtigen
1405 1315 1678 1365 Minoritem
1727 1314 1785 1356 da
1829 1326 1881 1357 er

254 1385 427 1428 wieder
459 1384 644 1438 gehiirt‚
677 1385 782 1427 (lass
815 1397 867 1427 er
899 1385 974 1426 die
1007 1384 1111 1426 (lem
1132 1385 1305 1439 Papste
1336 1385 1709 1438 ungehorsamen
1736 1383 1880 1439 Spiri-

254 1456 415 1498 tualen
437 1456 531 1498 und
554 1457 795 1509 Beguinen
818 1455 1082 1507 aiifllehnle,
1116 1456 1261 1497 bittet
1284 1467 1336 1497 er
1356 1456 1440 1497 ihn
1463 1456 1708 1509 dringend‚
1741 1457 1883 1498 unter

255 1528 503 1580 Betonung
527 1526 611 1568 der
632 1526 965 1580 gefiihrlichen
988 1527 1112 1579 Lage
1135 1525 1222 1568 fiir
1242 1527 1341 1579 ibn,
1375 1526 1556 1569 solches
1579 1526 1881 1580 aufzugeben.

757 1597 1016 1639 Barcelona
1050 1596 1161 1639 1321
1194 1597 1307 1641 Juni
1338 1596 1381 1639 9.

399 1714 440 1722 ..
468 1715 475 1722 .
510 1680 704 1731 Dudum,
737 1679 978 1722 karissime
1010 1679 1166 1732 frater,
1201 1693 1301 1721 cum
1338 1680 1468 1723 nobis
1505 1693 1589 1735 pro
1613 1680 1882 1736 subscriptis

255 1751 309 1794 fr.
344 1751 604 1794 Alexander
649 1752 878 1807 quondam
926 1754 1033 1792 tunc
1077 1751 1249 1793 ordinis
1289 1751 1516 1793 Minorum
1549 1751 1774 1806 generalis
1799 1751 1882 1793 mi-

256 1823 399 1865 nister
444 1822 645 1864 litteram
679 1822 952 1865 destinasset
985 1856 993 1862 .
1020 1856 1028 1863 .
1055 1855 1063 1863 .
1097 1823 1238 1874 Nunc,
1274 1823 1394 1877 quod
1426 1835 1515 1864 non
1548 1822 1719 1878 absque
1753 1822 1882 1877 gravi

257 1893 550 1948 displicencia
592 1893 740 1935 cordis
791 1893 1092 1948 suscepimus,
1145 1892 1328 1935 auditus
1388 1898 1569 1935 nostros
1624 1894 1882 1935 discurrens

257 1964 382 2005 fama
415 1967 458 2006 et
491 1964 729 2019 dignarum
762 1964 849 2006 fide
871 1977 1171 2019 personarum
1199 1963 1364 2005 relacio
1393 1964 1594 2007 crebrius
1621 1963 1882 2015 titillarunt,

258 2047 339 2076 vos
395 2035 631 2077 admisisse
682 2038 725 2076 et
786 2035 1010 2077 admissos
1067 2035 1147 2077 sub
1197 2034 1372 2076 brachii
1413 2035 1555 2077 vestri
1597 2035 1883 2090 proteccione

259 2104 412 2147 fovere
452 2105 499 2146 in
531 2105 680 2147 insula
711 2105 952 2148 nonnullos
987 2119 1041 2147 ex
1072 2106 1338 2148 memoratis
1370 2104 1605 2157 fratribus,
1639 2105 1882 2160 papalibus

260 2175 560 2218 decisionibus
595 2176 885 2231 adquiescere
919 2178 962 2217 et
1005 2176 1099 2219 suis
1127 2175 1309 2218 obedire
1337 2176 1588 2219 maioribus
1611 2176 1883 2219 rebellantes

259 2260 341 2288 nec
386 2260 475 2288 non
524 2246 661 2288 etiam
712 2246 845 2300 alios,
895 2247 972 2303 qui
1017 2247 1099 2289 sub
1150 2247 1420 2301 beguinatus
1470 2247 1670 2289 colorato
1704 2247 1884 2289 nomine

259 2330 426 2358 novum
470 2316 650 2358 vivendi
690 2316 784 2359 sive
831 2317 1066 2372 religionis
1114 2318 1297 2359 modum
1330 2318 1586 2361 inconsulto
1620 2321 1662 2359 et
1694 2331 1882 2373 prorsus

259 2387 401 2428 invito
436 2400 611 2429 summo
643 2387 855 2442 pontifice
876 2387 1186 2431 inobedientes
1211 2393 1254 2430 et
1277 2391 1644 2443 contempnentes
1668 2391 1884 2443 satagunt

260 2471 444 2500 erronee
491 2457 710 2509 invenire,
760 2458 956 2514 aliquem
1004 2460 1057 2501 de
1107 2459 1372 2514 approbatis
1407 2459 1665 2511 ordinibus,
1714 2459 1760 2500 in
1795 2473 1882 2514 quo

259 2531 446 2583 possent
494 2528 591 2583 regi
638 2542 794 2584 regum
832 2529 879 2570 in
912 2529 1174 2572 obediencia
1206 2532 1301 2571 tute
1335 2533 1379 2572 et
1410 2529 1702 2572 laudabiliter
1734 2531 1882 2572 deser-

259 2599 368 2651 vire,
403 2598 567 2654 eligere
601 2601 644 2640 et
677 2612 905 2641 assumere
938 2614 1027 2642 non
1062 2601 1273 2643 volentes.
1336 2601 1516 2642 Inducti
1548 2600 1701 2656 igitur,
1745 2601 1882 2642 caris-

259 2670 372 2712 sime
423 2669 588 2721 frater,
644 2672 686 2712 et
744 2670 980 2712 identitate
1042 2671 1277 2726 sanguinis
1331 2675 1373 2713 et
1427 2671 1616 2713 caritate
1664 2671 1881 2723 fraterna,

263 2740 426 2796 quibus
460 2740 788 2795 coniungimur,
821 2743 884 2792 ut,
919 2741 1053 2783 sicuti
1085 2746 1307 2797 oportune
1338 2756 1421 2797 pro
1448 2742 1696 2785 honoribus
1720 2741 1882 2784 vestris

261 2814 306 2852 et
336 2810 614 2853 utilitatibus
647 2810 895 2865 dirigendis
929 2815 972 2852 et
1003 2811 1049 2853 in
1081 2812 1242 2855 melius
1277 2812 1426 2864 etiam,
1461 2815 1511 2854 ut
1542 2812 1674 2854 nobis
1699 2813 1882 2854 comode

260 2884 531 2933 occurreret,
568 2881 889 2938 promovendis
934 2894 1092 2923 sensus
1137 2886 1318 2925 nostros
1358 2883 1553 2925 libenter
1585 2883 1881 2933 extendimus,

260 2952 325 2995 sic
358 2956 401 2994 et
431 2952 477 2994 in
512 2952 799 3007 quibuslibet,
834 2965 918 3006 que
952 2952 1254 3007 conspicimus
1285 2954 1415 2996 vobis
1448 2952 1688 3008 profutura
1709 2952 1881 3003 nociva,

260 3026 311 3064 ut
356 3023 611 3064 abiciantur
652 3036 678 3064 a
721 3022 873 3074 vobis,
912 3022 1085 3077 pariter
1117 3023 1426 3066 observemus:
1475 3025 1722 3079 Propterea
1755 3036 1882 3078 aper-

402 3116 535 3149 Finke,
556 3116 631 3142 Acta
651 3115 856 3148 Aragonensia.
1697 3105 1741 3138 43
