<?xml version="1.0" encoding="UTF-8"?>
<!DOCTYPE html PUBLIC "-//W3C//DTD XHTML 1.0 Transitional//EN"
    "http://www.w3.org/TR/xhtml1/DTD/xhtml1-transitional.dtd">
<html xmlns="http://www.w3.org/1999/xhtml" xml:lang="en" lang="en">
 <head>
  <title>
</title>
<meta http-equiv="Content-Type" content="text/html;charset=utf-8" />
  <meta name='ocr-system' content='tesseract 3.04.00' />
  <meta name='ocr-capabilities' content='ocr_page ocr_carea ocr_par ocr_line ocrx_word'/>
</head>
<body>
  <div class='ocr_page' id='page_1' title='image "./actaaragonensiaq02finkuoft_0385.png"; bbox 0 0 2296 3512; ppageno 0'>
   <div class='ocr_carea' id='block_1_1' title="bbox 845 250 1161 291">
    <p class='ocr_par' dir='ltr' id='par_1_1' title="bbox 845 250 1161 291">
     <span class='ocr_line' id='line_1_1' title="bbox 845 250 1161 291; baseline 0 -1"><span class='ocrx_word' id='word_1_1' title='bbox 845 250 1161 291; x_wconf 76' lang='lat'>—889—</span> 
     </span>
    </p>
   </div>
   <div class='ocr_carea' id='block_1_2' title="bbox 195 375 1817 644">
    <p class='ocr_par' dir='ltr' id='par_1_2' title="bbox 195 375 1817 644">
     <span class='ocr_line' id='line_1_2' title="bbox 334 375 1814 432; baseline -0.005 -9"><span class='ocrx_word' id='word_1_2' title='bbox 334 381 464 423; x_wconf 86' lang='lat' dir='ltr'>Hanc</span> <span class='ocrx_word' id='word_1_3' title='bbox 488 379 613 421; x_wconf 91' lang='lat' dir='ltr'>misit</span> <span class='ocrx_word' id='word_1_4' title='bbox 638 377 774 420; x_wconf 78' lang='lat' dir='ltr'>michi</span> <span class='ocrx_word' id='word_1_5' title='bbox 798 377 981 432; x_wconf 83' lang='lat' dir='ltr'>quidam</span> <span class='ocrx_word' id='word_1_6' title='bbox 1003 389 1195 432; x_wconf 86' lang='lat' dir='ltr'>magnus</span> <span class='ocrx_word' id='word_1_7' title='bbox 1220 376 1364 418; x_wconf 83' lang='lat' dir='ltr'>frater</span> <span class='ocrx_word' id='word_1_8' title='bbox 1386 377 1439 418; x_wconf 94' lang='lat' dir='ltr'>de</span> <span class='ocrx_word' id='word_1_9' title='bbox 1463 375 1633 427; x_wconf 83' lang='lat' dir='ltr'>ordine,</span> <span class='ocrx_word' id='word_1_10' title='bbox 1668 388 1814 430; x_wconf 89' lang='lat' dir='ltr'>quem,</span> 
     </span>
     <span class='ocr_line' id='line_1_3' title="bbox 196 444 1816 508; baseline -0.004 -15"><span class='ocrx_word' id='word_1_11' title='bbox 196 452 301 508; x_wconf 88' lang='lat' dir='ltr'>quia</span> <span class='ocrx_word' id='word_1_12' title='bbox 333 464 387 492; x_wconf 83' lang='lat' dir='ltr'>ex</span> <span class='ocrx_word' id='word_1_13' title='bbox 420 449 605 505; x_wconf 88' lang='lat' dir='ltr'>speciali</span> <span class='ocrx_word' id='word_1_14' title='bbox 640 462 793 490; x_wconf 87' lang='lat' dir='ltr'>amore</span> <span class='ocrx_word' id='word_1_15' title='bbox 817 450 861 489; x_wconf 89' lang='lat' dir='ltr'>et</span> <span class='ocrx_word' id='word_1_16' title='bbox 882 446 1160 489; x_wconf 83' lang='lat' dir='ltr'>confidencia</span> <span class='ocrx_word' id='word_1_17' title='bbox 1182 446 1352 499; x_wconf 78' lang='lat' dir='ltr'>scribit,</span> <span class='ocrx_word' id='word_1_18' title='bbox 1385 460 1473 488; x_wconf 87' lang='lat' dir='ltr'>non</span> <span class='ocrx_word' id='word_1_19' title='bbox 1501 447 1639 488; x_wconf 82' lang='lat' dir='ltr'>debeo</span> <span class='ocrx_word' id='word_1_20' title='bbox 1672 444 1816 487; x_wconf 90' lang='lat' dir='ltr'>nomi—</span> 
     </span>
     <span class='ocr_line' id='line_1_4' title="bbox 195 515 1816 572; baseline -0.004 -9"><span class='ocrx_word' id='word_1_21' title='bbox 195 535 315 563; x_wconf 90' lang='lat' dir='ltr'>nare.</span> <span class='ocrx_word' id='word_1_22' title='bbox 367 521 466 563; x_wconf 88' lang='lat' dir='ltr'>Has</span> <span class='ocrx_word' id='word_1_23' title='bbox 488 520 600 561; x_wconf 85' lang='lat' dir='ltr'>duas</span> <span class='ocrx_word' id='word_1_24' title='bbox 634 519 812 561; x_wconf 76' lang='lat' dir='ltr'>litteras</span> <span class='ocrx_word' id='word_1_25' title='bbox 842 531 942 559; x_wconf 90' lang='lat' dir='ltr'>cum</span> <span class='ocrx_word' id='word_1_26' title='bbox 974 531 1064 558; x_wconf 88' lang='lat' dir='ltr'>una</span> <span class='ocrx_word' id='word_1_27' title='bbox 1096 517 1262 572; x_wconf 89' lang='lat' dir='ltr'>prioris</span> <span class='ocrx_word' id='word_1_28' title='bbox 1294 516 1602 571; x_wconf 84' lang='lat' dir='ltr'>provincialis,</span> <span class='ocrx_word' id='word_1_29' title='bbox 1638 515 1714 570; x_wconf 89' lang='lat' dir='ltr'>qui</span> <span class='ocrx_word' id='word_1_30' title='bbox 1745 528 1816 557; x_wconf 88' lang='lat' dir='ltr'>me</span> 
     </span>
     <span class='ocr_line' id='line_1_5' title="bbox 196 586 1817 644; baseline -0.004 -10"><span class='ocrx_word' id='word_1_31' title='bbox 196 592 331 634; x_wconf 87' lang='lat' dir='ltr'>etiam</span> <span class='ocrx_word' id='word_1_32' title='bbox 366 589 640 642; x_wconf 88' lang='lat' dir='ltr'>consolatur,</span> <span class='ocrx_word' id='word_1_33' title='bbox 674 588 823 644; x_wconf 80' lang='lat' dir='ltr'>recepi</span> <span class='ocrx_word' id='word_1_34' title='bbox 844 588 1099 630; x_wconf 76' lang='lat' dir='ltr'>Tarracone</span> <span class='ocrx_word' id='word_1_35' title='bbox 1133 601 1285 629; x_wconf 85' lang='lat' dir='ltr'>coram</span> <span class='ocrx_word' id='word_1_36' title='bbox 1318 588 1469 643; x_wconf 90' lang='lat' dir='ltr'>priore</span> <span class='ocrx_word' id='word_1_37' title='bbox 1504 589 1547 628; x_wconf 89' lang='lat' dir='ltr'>et</span> <span class='ocrx_word' id='word_1_38' title='bbox 1571 586 1739 628; x_wconf 89' lang='lat' dir='ltr'>lectore</span> <span class='ocrx_word' id='word_1_39' title='bbox 1772 588 1817 628; x_wconf 91' lang='lat' dir='ltr'>et</span> 
     </span>
    </p>
   </div>
   <div class='ocr_carea' id='block_1_3' title="bbox 194 662 1817 835">
    <p class='ocr_par' dir='ltr' id='par_1_3' title="bbox 194 662 1817 835">
     <span class='ocr_line' id='line_1_6' title="bbox 195 662 459 704; baseline -0.008 0"><span class='ocrx_word' id='word_1_40' title='bbox 195 662 459 704; x_wconf 87' lang='lat' dir='ltr'>sublectore.</span> 
     </span>
     <span class='ocr_line' id='line_1_7' title="bbox 334 724 1817 773; baseline -0.005 -8"><span class='ocrx_word' id='word_1_41' title='bbox 334 731 435 766; x_wconf 83' lang='lat' dir='ltr'>CRD.</span> <span class='ocrx_word' id='word_1_42' title='bbox 485 729 639 773; x_wconf 84' lang='lat' dir='ltr'>Separat.</span> <span class='ocrx_word' id='word_1_43' title='bbox 691 728 748 762; x_wconf 88' lang='lat' dir='ltr'>Or.</span> <span class='ocrx_word' id='word_1_44' title='bbox 775 728 858 772; x_wconf 86' lang='lat' dir='ltr'>Pap.</span> <span class='ocrx_word' id='word_1_45' title='bbox 886 728 961 771; x_wconf 85' lang='lat' dir='ltr'>Ssp.</span> <span class='ocrx_word' id='word_1_46' title='bbox 1012 727 1090 760; x_wconf 78' lang='lat' dir='ltr'>Von</span> <span class='ocrx_word' id='word_1_47' title='bbox 1121 728 1299 771; x_wconf 74' lang='lat' dir='ltr'>grosserer</span> <span class='ocrx_word' id='word_1_48' title='bbox 1323 727 1548 770; x_wconf 78' lang='lat' dir='ltr'>Bedeutung,</span> <span class='ocrx_word' id='word_1_49' title='bbox 1587 727 1630 759; x_wconf 80' lang='lat' dir='ltr'>da</span> <span class='ocrx_word' id='word_1_50' title='bbox 1661 725 1737 759; x_wconf 89' lang='lat' dir='ltr'>hier</span> <span class='ocrx_word' id='word_1_51' title='bbox 1763 724 1817 758; x_wconf 87' lang='lat' dir='ltr'>die</span> 
     </span>
     <span class='ocr_line' id='line_1_8' title="bbox 194 786 1076 835; baseline -0.003 -11"><span class='ocrx_word' id='word_1_52' title='bbox 194 789 571 835; x_wconf 76' lang='lat' dir='ltr'>Originalhandschrift</span> <span class='ocrx_word' id='word_1_53' title='bbox 596 789 655 822; x_wconf 88' lang='lat' dir='ltr'>des</span> <span class='ocrx_word' id='word_1_54' title='bbox 680 787 893 821; x_wconf 83' lang='lat' dir='ltr'>Historikers</span> <span class='ocrx_word' id='word_1_55' title='bbox 919 786 1076 830; x_wconf 73' lang='lat' dir='ltr'>vorliegt.</span> 
     </span>
    </p>
   </div>
   <div class='ocr_carea' id='block_1_4' title="bbox 192 915 1819 1326">
    <p class='ocr_par' dir='ltr' id='par_1_4' title="bbox 192 915 1819 1326">
     <span class='ocr_line' id='line_1_9' title="bbox 195 915 1817 975; baseline -0.004 -13"><span class='ocrx_word' id='word_1_56' title='bbox 195 922 292 962; x_wconf 83' lang='grc'><strong>567.</strong></span> <span class='ocrx_word' id='word_1_57' title='bbox 324 921 486 975; x_wconf 76' lang='lat' dir='ltr'>Jayme</span> <span class='ocrx_word' id='word_1_58' title='bbox 516 920 583 962; x_wconf 90' lang='lat' dir='ltr'>II.</span> <span class='ocrx_word' id='word_1_59' title='bbox 611 931 669 960; x_wconf 85' lang='lat' dir='ltr'>an</span> <span class='ocrx_word' id='word_1_60' title='bbox 700 918 843 960; x_wconf 88' lang='lat' dir='ltr'>Prior</span> <span class='ocrx_word' id='word_1_61' title='bbox 887 917 981 959; x_wconf 87' lang='lat' dir='ltr'>und</span> <span class='ocrx_word' id='word_1_62' title='bbox 1012 917 1228 959; x_wconf 83' lang='lat' dir='ltr'>Konvent</span> <span class='ocrx_word' id='word_1_63' title='bbox 1267 916 1351 958; x_wconf 88' lang='lat' dir='ltr'>der</span> <span class='ocrx_word' id='word_1_64' title='bbox 1390 916 1727 958; x_wconf 82' lang='lat' dir='ltr'>Dominikaner</span> <span class='ocrx_word' id='word_1_65' title='bbox 1767 915 1817 956; x_wconf 89' lang='lat' dir='ltr'>in</span> 
     </span>
     <span class='ocr_line' id='line_1_10' title="bbox 194 986 1818 1042; baseline -0.004 -9"><span class='ocrx_word' id='word_1_66' title='bbox 194 991 471 1033; x_wconf 81' lang='lat' dir='ltr'>Barcelona:</span> <span class='ocrx_word' id='word_1_67' title='bbox 505 990 587 1032; x_wconf 83' lang='lat' dir='ltr'>hat</span> <span class='ocrx_word' id='word_1_68' title='bbox 618 1001 706 1032; x_wconf 87' lang='lat' dir='ltr'>von</span> <span class='ocrx_word' id='word_1_69' title='bbox 739 989 841 1030; x_wconf 86' lang='lat' dir='ltr'>dem</span> <span class='ocrx_word' id='word_1_70' title='bbox 864 988 1112 1042; x_wconf 83' lang='lat' dir='ltr'>Vorgehen</span> <span class='ocrx_word' id='word_1_71' title='bbox 1140 987 1219 1030; x_wconf 85' lang='lat' dir='ltr'>des</span> <span class='ocrx_word' id='word_1_72' title='bbox 1242 986 1636 1039; x_wconf 81' lang='lat' dir='ltr'>Ordensgenerals</span> <span class='ocrx_word' id='word_1_73' title='bbox 1670 997 1818 1039; x_wconf 77' lang='lat' dir='ltr'>gegen</span> 
     </span>
     <span class='ocr_line' id='line_1_11' title="bbox 192 1057 1818 1114; baseline -0.004 -10"><span class='ocrx_word' id='word_1_74' title='bbox 192 1062 364 1105; x_wconf 84' lang='lat' dir='ltr'>Petrus</span> <span class='ocrx_word' id='word_1_75' title='bbox 396 1061 596 1104; x_wconf 81' lang='lat' dir='ltr'>Marsilii</span> <span class='ocrx_word' id='word_1_76' title='bbox 627 1058 821 1114; x_wconf 74' lang='lat' dir='ltr'>gehiirt3</span> <span class='ocrx_word' id='word_1_77' title='bbox 849 1058 1232 1112; x_wconf 82' lang='lat' dir='ltr'>Verwunderung</span> <span class='ocrx_word' id='word_1_78' title='bbox 1254 1057 1469 1111; x_wconf 60' lang='lat' dir='ltr'>clarificer,</span> <span class='ocrx_word' id='word_1_79' title='bbox 1491 1057 1549 1098; x_wconf 82' lang='lat' dir='ltr'>da</span> <span class='ocrx_word' id='word_1_80' title='bbox 1580 1068 1632 1098; x_wconf 86' lang='lat' dir='ltr'>er</span> <span class='ocrx_word' id='word_1_81' title='bbox 1663 1057 1818 1098; x_wconf 87' lang='lat' dir='ltr'>nichts</span> 
     </span>
     <span class='ocr_line' id='line_1_12' title="bbox 193 1127 1819 1183; baseline -0.004 -8"><span class='ocrx_word' id='word_1_82' title='bbox 193 1132 478 1176; x_wconf 85' lang='lat' dir='ltr'>verbrochen</span> <span class='ocrx_word' id='word_1_83' title='bbox 511 1132 655 1182; x_wconf 82' lang='lat' dir='ltr'>habe3</span> <span class='ocrx_word' id='word_1_84' title='bbox 702 1131 760 1172; x_wconf 82' lang='lat' dir='ltr'>da</span> <span class='ocrx_word' id='word_1_85' title='bbox 802 1131 971 1173; x_wconf 87' lang='lat' dir='ltr'>Petrus</span> <span class='ocrx_word' id='word_1_86' title='bbox 1016 1140 1175 1183; x_wconf 85' lang='lat' dir='ltr'>wegen</span> <span class='ocrx_word' id='word_1_87' title='bbox 1219 1129 1372 1171; x_wconf 88' lang='lat' dir='ltr'>seines</span> <span class='ocrx_word' id='word_1_88' title='bbox 1414 1128 1571 1170; x_wconf 82' lang='lat' dir='ltr'>Eifers</span> <span class='ocrx_word' id='word_1_89' title='bbox 1620 1127 1700 1169; x_wconf 78' lang='lat' dir='ltr'>fiir</span> <span class='ocrx_word' id='word_1_90' title='bbox 1743 1127 1819 1169; x_wconf 77' lang='lat' dir='ltr'>(lie</span> 
     </span>
     <span class='ocr_line' id='line_1_13' title="bbox 193 1196 1819 1256; baseline -0.004 -11"><span class='ocrx_word' id='word_1_91' title='bbox 193 1202 495 1256; x_wconf 63' lang='lat' dir='ltr'>koniglichen</span> <span class='ocrx_word' id='word_1_92' title='bbox 532 1201 961 1255; x_wconf 82' lang='lat' dir='ltr'>Angelegenheiten</span> <span class='ocrx_word' id='word_1_93' title='bbox 1002 1201 1155 1253; x_wconf 65' lang='lat' dir='ltr'>misse,</span> <span class='ocrx_word' id='word_1_94' title='bbox 1193 1199 1330 1242; x_wconf 86' lang='lat' dir='ltr'>wolle</span> <span class='ocrx_word' id='word_1_95' title='bbox 1368 1210 1420 1240; x_wconf 92' lang='lat' dir='ltr'>er</span> <span class='ocrx_word' id='word_1_96' title='bbox 1453 1199 1557 1241; x_wconf 87' lang='lat' dir='ltr'>eine</span> <span class='ocrx_word' id='word_1_97' title='bbox 1598 1196 1819 1241; x_wconf 79' lang='lat' dir='ltr'>Gesandt-</span> 
     </span>
     <span class='ocr_line' id='line_1_14' title="bbox 335 1268 1659 1326; baseline -0.004 -11"><span class='ocrx_word' id='word_1_98' title='bbox 335 1272 490 1316; x_wconf 82' lang='lat' dir='ltr'>schaft</span> <span class='ocrx_word' id='word_1_99' title='bbox 522 1286 623 1315; x_wconf 88' lang='lat' dir='ltr'>zum</span> <span class='ocrx_word' id='word_1_100' title='bbox 658 1272 802 1326; x_wconf 84' lang='lat' dir='ltr'>Papst</span> <span class='ocrx_word' id='word_1_101' title='bbox 834 1271 1022 1314; x_wconf 85' lang='lat' dir='ltr'>senden.</span> <span class='ocrx_word' id='word_1_102' title='bbox 1084 1270 1254 1312; x_wconf 83' lang='lat' dir='ltr'>Teruel</span> <span class='ocrx_word' id='word_1_103' title='bbox 1286 1269 1441 1324; x_wconf 79' lang='lat'>(1310)</span> <span class='ocrx_word' id='word_1_104' title='bbox 1472 1269 1585 1313; x_wconf 88' lang='lat' dir='ltr'>Juni</span> <span class='ocrx_word' id='word_1_105' title='bbox 1617 1268 1659 1310; x_wconf 81' lang='lat'>4.</span> 
     </span>
    </p>
   </div>
   <div class='ocr_carea' id='block_1_5' title="bbox 193 1360 1824 2625">
    <p class='ocr_par' dir='ltr' id='par_1_5' title="bbox 193 1360 1824 2625">
     <span class='ocr_line' id='line_1_15' title="bbox 335 1360 1821 1420; baseline -0.004 -11"><span class='ocrx_word' id='word_1_106' title='bbox 335 1366 545 1409; x_wconf 88' lang='lat' dir='ltr'>Pervenit</span> <span class='ocrx_word' id='word_1_107' title='bbox 594 1367 651 1409; x_wconf 86' lang='lat' dir='ltr'>ad</span> <span class='ocrx_word' id='word_1_108' title='bbox 685 1365 967 1408; x_wconf 85' lang='lat' dir='ltr'>audienciain</span> <span class='ocrx_word' id='word_1_109' title='bbox 1008 1367 1228 1417; x_wconf 80' lang='lat' dir='ltr'>nostram,</span> <span class='ocrx_word' id='word_1_110' title='bbox 1278 1365 1397 1420; x_wconf 89' lang='lat' dir='ltr'>quod</span> <span class='ocrx_word' id='word_1_111' title='bbox 1434 1363 1656 1418; x_wconf 84' lang='lat' dir='ltr'>magister</span> <span class='ocrx_word' id='word_1_112' title='bbox 1680 1360 1821 1404; x_wconf 85' lang='lat' dir='ltr'>vestri</span> 
     </span>
     <span class='ocr_line' id='line_1_16' title="bbox 194 1433 1821 1491; baseline -0.004 -10"><span class='ocrx_word' id='word_1_113' title='bbox 194 1438 367 1482; x_wconf 89' lang='lat' dir='ltr'>ordinis</span> <span class='ocrx_word' id='word_1_114' title='bbox 411 1438 468 1480; x_wconf 85' lang='lat' dir='ltr'>ad</span> <span class='ocrx_word' id='word_1_115' title='bbox 508 1438 775 1480; x_wconf 86' lang='lat' dir='ltr'>mandatum</span> <span class='ocrx_word' id='word_1_116' title='bbox 817 1436 990 1479; x_wconf 85' lang='lat' dir='ltr'>domini</span> <span class='ocrx_word' id='word_1_117' title='bbox 1031 1435 1196 1479; x_wconf 90' lang='lat' dir='ltr'>summi</span> <span class='ocrx_word' id='word_1_118' title='bbox 1240 1434 1489 1491; x_wconf 90' lang='lat' dir='ltr'>pontificis,</span> <span class='ocrx_word' id='word_1_119' title='bbox 1548 1433 1624 1489; x_wconf 82' lang='lat' dir='ltr'>qui</span> <span class='ocrx_word' id='word_1_120' title='bbox 1662 1435 1821 1475; x_wconf 88' lang='lat' dir='ltr'>contra</span> 
     </span>
     <span class='ocr_line' id='line_1_17' title="bbox 193 1504 1821 1565; baseline -0.004 -14"><span class='ocrx_word' id='word_1_121' title='bbox 193 1509 457 1565; x_wconf 84' lang='lat' dir='ltr'>religiosum</span> <span class='ocrx_word' id='word_1_122' title='bbox 498 1508 687 1551; x_wconf 88' lang='lat' dir='ltr'>fratrem</span> <span class='ocrx_word' id='word_1_123' title='bbox 729 1509 775 1550; x_wconf 90' lang='lat' dir='ltr'>P.</span> <span class='ocrx_word' id='word_1_124' title='bbox 811 1507 987 1550; x_wconf 86' lang='lat' dir='ltr'>Marsili</span> <span class='ocrx_word' id='word_1_125' title='bbox 1028 1509 1082 1549; x_wconf 92' lang='lat' dir='ltr'>de</span> <span class='ocrx_word' id='word_1_126' title='bbox 1124 1507 1281 1549; x_wconf 87' lang='lat' dir='ltr'>ordine</span> <span class='ocrx_word' id='word_1_127' title='bbox 1319 1506 1581 1561; x_wconf 85' lang='lat' dir='ltr'>supradicto</span> <span class='ocrx_word' id='word_1_128' title='bbox 1615 1504 1821 1559; x_wconf 82' lang='lat' dir='ltr'>indigna-</span> 
     </span>
     <span class='ocr_line' id='line_1_18' title="bbox 195 1575 1820 1634; baseline -0.003 -13"><span class='ocrx_word' id='word_1_129' title='bbox 195 1579 366 1622; x_wconf 80' lang='lat' dir='ltr'>cionem</span> <span class='ocrx_word' id='word_1_130' title='bbox 409 1579 608 1634; x_wconf 76' lang='lat' dir='ltr'>suscepit</span> <span class='ocrx_word' id='word_1_131' title='bbox 645 1579 826 1621; x_wconf 83' lang='lat' dir='ltr'>racione</span> <span class='ocrx_word' id='word_1_132' title='bbox 860 1579 1160 1634; x_wconf 80' lang='lat' dir='ltr'>quorumdam</span> <span class='ocrx_word' id='word_1_133' title='bbox 1192 1578 1435 1620; x_wconf 85' lang='lat' dir='ltr'>verborum</span> <span class='ocrx_word' id='word_1_134' title='bbox 1466 1575 1820 1631; x_wconf 88' lang='lat' dir='ltr'>propositorum,</span> 
     </span>
     <span class='ocr_line' id='line_1_19' title="bbox 193 1646 1819 1705; baseline -0.004 -12"><span class='ocrx_word' id='word_1_135' title='bbox 193 1653 244 1693; x_wconf 93' lang='lat' dir='ltr'>ut</span> <span class='ocrx_word' id='word_1_136' title='bbox 276 1651 508 1702; x_wconf 83' lang='lat' dir='ltr'>asseritur,</span> <span class='ocrx_word' id='word_1_137' title='bbox 550 1663 702 1692; x_wconf 89' lang='lat' dir='ltr'>coram</span> <span class='ocrx_word' id='word_1_138' title='bbox 735 1650 833 1705; x_wconf 91' lang='lat' dir='ltr'>ipso</span> <span class='ocrx_word' id='word_1_139' title='bbox 867 1649 1050 1692; x_wconf 91' lang='lat' dir='ltr'>domino</span> <span class='ocrx_word' id='word_1_140' title='bbox 1083 1662 1259 1692; x_wconf 89' lang='lat' dir='ltr'>summo</span> <span class='ocrx_word' id='word_1_141' title='bbox 1293 1647 1505 1703; x_wconf 87' lang='lat' dir='ltr'>pontifice</span> <span class='ocrx_word' id='word_1_142' title='bbox 1537 1661 1619 1702; x_wconf 88' lang='lat' dir='ltr'>per</span> <span class='ocrx_word' id='word_1_143' title='bbox 1651 1646 1819 1688; x_wconf 86' lang='lat' dir='ltr'>dictum</span> 
     </span>
     <span class='ocr_line' id='line_1_20' title="bbox 194 1718 1821 1776; baseline -0.003 -13"><span class='ocrx_word' id='word_1_144' title='bbox 194 1721 383 1764; x_wconf 85' lang='lat' dir='ltr'>fratrem</span> <span class='ocrx_word' id='word_1_145' title='bbox 419 1722 464 1763; x_wconf 89' lang='lat' dir='ltr'>P.</span> <span class='ocrx_word' id='word_1_146' title='bbox 498 1721 543 1763; x_wconf 91' lang='lat' dir='ltr'>in</span> <span class='ocrx_word' id='word_1_147' title='bbox 591 1721 824 1776; x_wconf 81' lang='lat' dir='ltr'>legacione</span> <span class='ocrx_word' id='word_1_148' title='bbox 872 1723 1033 1763; x_wconf 88' lang='lat' dir='ltr'>contra</span> <span class='ocrx_word' id='word_1_149' title='bbox 1077 1720 1248 1776; x_wconf 90' lang='lat' dir='ltr'>ipsum,</span> <span class='ocrx_word' id='word_1_150' title='bbox 1295 1718 1616 1761; x_wconf 87' lang='lat' dir='ltr'>nichilominus</span> <span class='ocrx_word' id='word_1_151' title='bbox 1664 1730 1821 1771; x_wconf 81' lang='lat' dir='ltr'>nuper,</span> 
     </span>
     <span class='ocr_line' id='line_1_21' title="bbox 195 1790 1820 1845; baseline -0.002 -11"><span class='ocrx_word' id='word_1_152' title='bbox 195 1794 298 1834; x_wconf 90' lang='lat' dir='ltr'>dum</span> <span class='ocrx_word' id='word_1_153' title='bbox 334 1805 512 1835; x_wconf 88' lang='lat' dir='ltr'>eramus</span> <span class='ocrx_word' id='word_1_154' title='bbox 544 1792 590 1834; x_wconf 90' lang='lat' dir='ltr'>in</span> <span class='ocrx_word' id='word_1_155' title='bbox 617 1792 851 1834; x_wconf 88' lang='lat' dir='ltr'>obsidione</span> <span class='ocrx_word' id='word_1_156' title='bbox 877 1791 1097 1843; x_wconf 86' lang='lat' dir='ltr'>Almarie,</span> <span class='ocrx_word' id='word_1_157' title='bbox 1130 1790 1237 1833; x_wconf 87' lang='lat' dir='ltr'>fecit</span> <span class='ocrx_word' id='word_1_158' title='bbox 1268 1791 1448 1832; x_wconf 88' lang='lat' dir='ltr'>noviter</span> <span class='ocrx_word' id='word_1_159' title='bbox 1473 1790 1693 1845; x_wconf 80' lang='lat' dir='ltr'>quosdam</span> <span class='ocrx_word' id='word_1_160' title='bbox 1717 1801 1820 1842; x_wconf 91' lang='lat' dir='ltr'>pro-</span> 
     </span>
     <span class='ocr_line' id='line_1_22' title="bbox 196 1859 1821 1913; baseline -0.003 -8"><span class='ocrx_word' id='word_1_161' title='bbox 196 1876 348 1906; x_wconf 85' lang='lat' dir='ltr'>cessus</span> <span class='ocrx_word' id='word_1_162' title='bbox 390 1866 550 1905; x_wconf 87' lang='lat' dir='ltr'>contra</span> <span class='ocrx_word' id='word_1_163' title='bbox 582 1862 752 1905; x_wconf 87' lang='lat' dir='ltr'>dictum</span> <span class='ocrx_word' id='word_1_164' title='bbox 791 1862 980 1904; x_wconf 85' lang='lat' dir='ltr'>fratrem</span> <span class='ocrx_word' id='word_1_165' title='bbox 1016 1862 1201 1904; x_wconf 88' lang='lat' dir='ltr'>Petrum</span> <span class='ocrx_word' id='word_1_166' title='bbox 1233 1861 1325 1903; x_wconf 85' lang='lat' dir='ltr'>iam</span> <span class='ocrx_word' id='word_1_167' title='bbox 1360 1861 1518 1913; x_wconf 85' lang='lat' dir='ltr'>eidem,</span> <span class='ocrx_word' id='word_1_168' title='bbox 1558 1863 1608 1901; x_wconf 88' lang='lat' dir='ltr'>ut</span> <span class='ocrx_word' id='word_1_169' title='bbox 1640 1859 1821 1911; x_wconf 87' lang='lat' dir='ltr'>dicitur,</span> 
     </span>
     <span class='ocr_line' id='line_1_23' title="bbox 195 1929 1821 1989; baseline -0.003 -14"><span class='ocrx_word' id='word_1_170' title='bbox 195 1933 448 1976; x_wconf 89' lang='lat' dir='ltr'>nunciatos.</span> <span class='ocrx_word' id='word_1_171' title='bbox 511 1933 638 1976; x_wconf 90' lang='lat' dir='ltr'>Unde</span> <span class='ocrx_word' id='word_1_172' title='bbox 670 1933 800 1976; x_wconf 90' lang='lat' dir='ltr'>vobis</span> <span class='ocrx_word' id='word_1_173' title='bbox 833 1933 1157 1989; x_wconf 85' lang='lat' dir='ltr'>significamus,</span> <span class='ocrx_word' id='word_1_174' title='bbox 1193 1933 1312 1988; x_wconf 86' lang='lat' dir='ltr'>quod</span> <span class='ocrx_word' id='word_1_175' title='bbox 1345 1933 1399 1974; x_wconf 88' lang='lat' dir='ltr'>de</span> <span class='ocrx_word' id='word_1_176' title='bbox 1430 1930 1646 1986; x_wconf 79' lang='lat' dir='ltr'>predictis</span> <span class='ocrx_word' id='word_1_177' title='bbox 1679 1929 1821 1986; x_wconf 88' lang='lat' dir='ltr'>pluri-</span> 
     </span>
     <span class='ocr_line' id='line_1_24' title="bbox 195 2000 1821 2059; baseline -0.003 -12"><span class='ocrx_word' id='word_1_178' title='bbox 195 2019 318 2047; x_wconf 86' lang='lat' dir='ltr'>mum</span> <span class='ocrx_word' id='word_1_179' title='bbox 351 2005 644 2057; x_wconf 80' lang='lat' dir='ltr'>admiramur,</span> <span class='ocrx_word' id='word_1_180' title='bbox 679 2018 779 2047; x_wconf 92' lang='lat' dir='ltr'>cum</span> <span class='ocrx_word' id='word_1_181' title='bbox 813 2017 952 2047; x_wconf 86' lang='lat' dir='ltr'>causa</span> <span class='ocrx_word' id='word_1_182' title='bbox 983 2004 1136 2059; x_wconf 87' lang='lat' dir='ltr'>aliqua</span> <span class='ocrx_word' id='word_1_183' title='bbox 1168 2018 1257 2046; x_wconf 89' lang='lat' dir='ltr'>non</span> <span class='ocrx_word' id='word_1_184' title='bbox 1284 2003 1421 2045; x_wconf 86' lang='lat' dir='ltr'>fuerit</span> <span class='ocrx_word' id='word_1_185' title='bbox 1446 2016 1529 2045; x_wconf 90' lang='lat' dir='ltr'>nec</span> <span class='ocrx_word' id='word_1_186' title='bbox 1556 2015 1653 2044; x_wconf 85' lang='lat' dir='ltr'>eam</span> <span class='ocrx_word' id='word_1_187' title='bbox 1681 2000 1821 2043; x_wconf 84' lang='lat' dir='ltr'>fuisse</span> 
     </span>
     <span class='ocr_line' id='line_1_25' title="bbox 195 2072 1823 2131; baseline -0.002 -14"><span class='ocrx_word' id='word_1_188' title='bbox 195 2076 406 2128; x_wconf 87' lang='lat' dir='ltr'>sciamus,</span> <span class='ocrx_word' id='word_1_189' title='bbox 449 2076 505 2118; x_wconf 93' lang='lat' dir='ltr'>ob</span> <span class='ocrx_word' id='word_1_190' title='bbox 548 2089 683 2131; x_wconf 89' lang='lat' dir='ltr'>quam</span> <span class='ocrx_word' id='word_1_191' title='bbox 726 2078 886 2118; x_wconf 90' lang='lat' dir='ltr'>contra</span> <span class='ocrx_word' id='word_1_192' title='bbox 929 2075 1098 2117; x_wconf 88' lang='lat' dir='ltr'>dictum</span> <span class='ocrx_word' id='word_1_193' title='bbox 1142 2074 1333 2116; x_wconf 89' lang='lat' dir='ltr'>fratrem</span> <span class='ocrx_word' id='word_1_194' title='bbox 1365 2074 1503 2115; x_wconf 88' lang='lat' dir='ltr'>fuerit</span> <span class='ocrx_word' id='word_1_195' title='bbox 1535 2072 1823 2128; x_wconf 87' lang='lat' dir='ltr'>aliquatenus</span> 
     </span>
     <span class='ocr_line' id='line_1_26' title="bbox 195 2143 1822 2202; baseline -0.002 -15"><span class='ocrx_word' id='word_1_196' title='bbox 195 2147 528 2202; x_wconf 89' lang='lat' dir='ltr'>procedendum</span> <span class='ocrx_word' id='word_1_197' title='bbox 569 2146 635 2187; x_wconf 90' lang='lat' dir='ltr'>vel</span> <span class='ocrx_word' id='word_1_198' title='bbox 668 2147 875 2189; x_wconf 90' lang='lat' dir='ltr'>debuerit</span> <span class='ocrx_word' id='word_1_199' title='bbox 905 2146 952 2188; x_wconf 92' lang='lat' dir='ltr'>in</span> <span class='ocrx_word' id='word_1_200' title='bbox 986 2159 1087 2188; x_wconf 89' lang='lat' dir='ltr'>eum</span> <span class='ocrx_word' id='word_1_201' title='bbox 1119 2159 1235 2200; x_wconf 89' lang='lat' dir='ltr'>pena</span> <span class='ocrx_word' id='word_1_202' title='bbox 1268 2145 1421 2201; x_wconf 90' lang='lat' dir='ltr'>aliqua</span> <span class='ocrx_word' id='word_1_203' title='bbox 1452 2144 1597 2199; x_wconf 82' lang='lat' dir='ltr'>infligi</span> <span class='ocrx_word' id='word_1_204' title='bbox 1629 2157 1708 2187; x_wconf 90' lang='lat' dir='ltr'>seu</span> <span class='ocrx_word' id='word_1_205' title='bbox 1739 2143 1822 2184; x_wconf 89' lang='lat' dir='ltr'>im-</span> 
     </span>
     <span class='ocr_line' id='line_1_27' title="bbox 196 2214 1822 2272; baseline -0.001 -15"><span class='ocrx_word' id='word_1_206' title='bbox 196 2216 316 2272; x_wconf 88' lang='lat' dir='ltr'>poni.</span> <span class='ocrx_word' id='word_1_207' title='bbox 380 2216 438 2258; x_wconf 90' lang='lat' dir='ltr'>Et</span> <span class='ocrx_word' id='word_1_208' title='bbox 470 2217 576 2272; x_wconf 87' lang='lat' dir='ltr'>quia</span> <span class='ocrx_word' id='word_1_209' title='bbox 608 2217 827 2259; x_wconf 90' lang='lat' dir='ltr'>sentimus</span> <span class='ocrx_word' id='word_1_210' title='bbox 860 2220 905 2259; x_wconf 90' lang='lat' dir='ltr'>et</span> <span class='ocrx_word' id='word_1_211' title='bbox 933 2216 1172 2269; x_wconf 82' lang='lat' dir='ltr'>credimus,</span> <span class='ocrx_word' id='word_1_212' title='bbox 1206 2229 1288 2271; x_wconf 90' lang='lat' dir='ltr'>pro</span> <span class='ocrx_word' id='word_1_213' title='bbox 1311 2215 1442 2258; x_wconf 90' lang='lat' dir='ltr'>nobis</span> <span class='ocrx_word' id='word_1_214' title='bbox 1466 2219 1510 2257; x_wconf 87' lang='lat' dir='ltr'>et</span> <span class='ocrx_word' id='word_1_215' title='bbox 1531 2214 1822 2269; x_wconf 83' lang='lat' dir='ltr'>negociorum</span> 
     </span>
     <span class='ocr_line' id='line_1_28' title="bbox 196 2285 1824 2342; baseline -0.002 -12"><span class='ocrx_word' id='word_1_216' title='bbox 196 2290 457 2330; x_wconf 89' lang='lat' dir='ltr'>nostrorum</span> <span class='ocrx_word' id='word_1_217' title='bbox 507 2287 603 2329; x_wconf 88' lang='lat' dir='ltr'>zelo</span> <span class='ocrx_word' id='word_1_218' title='bbox 651 2287 902 2342; x_wconf 90' lang='lat' dir='ltr'>predictum</span> <span class='ocrx_word' id='word_1_219' title='bbox 944 2287 1218 2342; x_wconf 83' lang='lat' dir='ltr'>magistrum</span> <span class='ocrx_word' id='word_1_220' title='bbox 1260 2288 1445 2329; x_wconf 90' lang='lat' dir='ltr'>Petrum</span> <span class='ocrx_word' id='word_1_221' title='bbox 1491 2285 1738 2341; x_wconf 85' lang='lat' dir='ltr'>obprobria</span> <span class='ocrx_word' id='word_1_222' title='bbox 1780 2286 1824 2326; x_wconf 89' lang='lat' dir='ltr'>et</span> 
     </span>
     <span class='ocr_line' id='line_1_29' title="bbox 198 2354 1823 2413; baseline -0.001 -14"><span class='ocrx_word' id='word_1_223' title='bbox 198 2358 435 2413; x_wconf 85' lang='lat' dir='ltr'>angustias</span> <span class='ocrx_word' id='word_1_224' title='bbox 468 2357 724 2410; x_wconf 89' lang='lat' dir='ltr'>incurrisse,</span> <span class='ocrx_word' id='word_1_225' title='bbox 765 2358 1134 2413; x_wconf 64' lang='lat' dir='ltr'>conspicientesa)</span> <span class='ocrx_word' id='word_1_226' title='bbox 1168 2392 1176 2400; x_wconf 95' lang='lat'><strong><em>.</em></strong></span> <span class='ocrx_word' id='word_1_227' title='bbox 1203 2391 1244 2400; x_wconf 86' lang='lat'>..</span> <span class='ocrx_word' id='word_1_228' title='bbox 1279 2357 1586 2413; x_wconf 88' lang='lat' dir='ltr'>disposuimus</span> <span class='ocrx_word' id='word_1_229' title='bbox 1629 2356 1716 2398; x_wconf 91' lang='lat' dir='ltr'>sibi</span> <span class='ocrx_word' id='word_1_230' title='bbox 1756 2354 1823 2397; x_wconf 83' lang='lat' dir='ltr'>fa-</span> 
     </span>
     <span class='ocr_line' id='line_1_30' title="bbox 197 2427 1824 2485; baseline -0.001 -15"><span class='ocrx_word' id='word_1_231' title='bbox 197 2428 320 2471; x_wconf 80' lang='lat' dir='ltr'>voris</span> <span class='ocrx_word' id='word_1_232' title='bbox 362 2431 407 2470; x_wconf 90' lang='lat' dir='ltr'>et</span> <span class='ocrx_word' id='word_1_233' title='bbox 451 2428 611 2470; x_wconf 80' lang='lat' dir='ltr'>auxilii</span> <span class='ocrx_word' id='word_1_234' title='bbox 651 2429 796 2471; x_wconf 87' lang='lat' dir='ltr'>nostri</span> <span class='ocrx_word' id='word_1_235' title='bbox 828 2429 1076 2484; x_wconf 84' lang='lat' dir='ltr'>presidium</span> <span class='ocrx_word' id='word_1_236' title='bbox 1111 2432 1155 2471; x_wconf 89' lang='lat' dir='ltr'>et</span> <span class='ocrx_word' id='word_1_237' title='bbox 1185 2428 1490 2485; x_wconf 85' lang='lat' dir='ltr'>patrocinium</span> <span class='ocrx_word' id='word_1_238' title='bbox 1522 2427 1747 2482; x_wconf 87' lang='lat' dir='ltr'>impertiri</span> <span class='ocrx_word' id='word_1_239' title='bbox 1780 2428 1824 2468; x_wconf 84' lang='lat' dir='ltr'>et</span> 
     </span>
     <span class='ocr_line' id='line_1_31' title="bbox 197 2498 1824 2556; baseline -0.001 -15"><span class='ocrx_word' id='word_1_240' title='bbox 197 2500 254 2541; x_wconf 88' lang='lat' dir='ltr'>ad</span> <span class='ocrx_word' id='word_1_241' title='bbox 277 2499 446 2541; x_wconf 87' lang='lat' dir='ltr'>dictum</span> <span class='ocrx_word' id='word_1_242' title='bbox 473 2499 703 2541; x_wconf 90' lang='lat' dir='ltr'>dominum</span> <span class='ocrx_word' id='word_1_243' title='bbox 730 2512 955 2542; x_wconf 87' lang='lat' dir='ltr'>summum</span> <span class='ocrx_word' id='word_1_244' title='bbox 978 2499 1237 2555; x_wconf 89' lang='lat' dir='ltr'>pontificem</span> <span class='ocrx_word' id='word_1_245' title='bbox 1259 2514 1415 2556; x_wconf 89' lang='lat' dir='ltr'>preces</span> <span class='ocrx_word' id='word_1_246' title='bbox 1433 2502 1614 2542; x_wconf 90' lang='lat' dir='ltr'>nostras</span> <span class='ocrx_word' id='word_1_247' title='bbox 1638 2498 1824 2540; x_wconf 85' lang='lat' dir='ltr'>eficaces</span> 
     </span>
     <span class='ocr_line' id='line_1_32' title="bbox 196 2569 1820 2625; baseline -0.001 -13"><span class='ocrx_word' id='word_1_248' title='bbox 196 2570 483 2625; x_wconf 88' lang='lat' dir='ltr'>interponere</span> <span class='ocrx_word' id='word_1_249' title='bbox 517 2604 524 2611; x_wconf 93' lang='lat'>.</span> <span class='ocrx_word' id='word_1_250' title='bbox 554 2604 562 2611; x_wconf 92' lang='lat'><em>.</em></span> <span class='ocrx_word' id='word_1_251' title='bbox 589 2604 597 2611; x_wconf 88' lang='lat'><strong>.</strong></span> <span class='ocrx_word' id='word_1_252' title='bbox 631 2569 736 2611; x_wconf 86' lang='lat' dir='ltr'>Dat.</span> <span class='ocrx_word' id='word_1_253' title='bbox 760 2570 932 2612; x_wconf 89' lang='lat' dir='ltr'>Turolii</span> <span class='ocrx_word' id='word_1_254' title='bbox 962 2571 1019 2612; x_wconf 91' lang='lat' dir='ltr'>II.</span> <span class='ocrx_word' id='word_1_255' title='bbox 1054 2571 1113 2625; x_wconf 70' lang='lat' dir='ltr'>(P)</span> <span class='ocrx_word' id='word_1_256' title='bbox 1136 2584 1280 2613; x_wconf 89' lang='lat' dir='ltr'>nonas</span> <span class='ocrx_word' id='word_1_257' title='bbox 1305 2570 1431 2612; x_wconf 86' lang='lat' dir='ltr'>Junii</span> <span class='ocrx_word' id='word_1_258' title='bbox 1460 2583 1577 2612; x_wconf 88' lang='lat' dir='ltr'>anno</span> <span class='ocrx_word' id='word_1_259' title='bbox 1603 2569 1820 2624; x_wconf 88' lang='lat' dir='ltr'>predicto.</span> 
     </span>
    </p>
   </div>
   <div class='ocr_carea' id='block_1_6' title="bbox 199 2639 453 2696">
    <p class='ocr_par' dir='ltr' id='par_1_6' title="bbox 199 2639 453 2696">
     <span class='ocr_line' id='line_1_33' title="bbox 199 2639 453 2696; baseline -0.008 -13"><span class='ocrx_word' id='word_1_260' title='bbox 199 2639 453 2696; x_wconf 58' lang='lat' dir='ltr'>[mccx]</span> 
     </span>
    </p>
   </div>
   <div class='ocr_carea' id='block_1_7' title="bbox 196 2720 1824 2992">
    <p class='ocr_par' dir='ltr' id='par_1_7' title="bbox 196 2720 1824 2992">
     <span class='ocr_line' id='line_1_34' title="bbox 338 2720 1822 2767; baseline -0.001 -11"><span class='ocrx_word' id='word_1_261' title='bbox 338 2721 422 2767; x_wconf 85' lang='lat' dir='ltr'>Reg.</span> <span class='ocrx_word' id='word_1_262' title='bbox 448 2721 518 2757; x_wconf 83' lang='lat'>238</span> <span class='ocrx_word' id='word_1_263' title='bbox 542 2722 569 2755; x_wconf 78' lang='lat' dir='ltr'>f.</span> <span class='ocrx_word' id='word_1_264' title='bbox 598 2722 676 2755; x_wconf 84' lang='lat'>144.</span> <span class='ocrx_word' id='word_1_265' title='bbox 726 2721 797 2756; x_wconf 82' lang='lat' dir='ltr'>Das</span> <span class='ocrx_word' id='word_1_266' title='bbox 828 2721 932 2755; x_wconf 88' lang='lat' dir='ltr'>letzte</span> <span class='ocrx_word' id='word_1_267' title='bbox 957 2732 1044 2766; x_wconf 85' lang='lat' dir='ltr'>ganz</span> <span class='ocrx_word' id='word_1_268' title='bbox 1070 2721 1319 2757; x_wconf 70' lang='lat' dir='ltr'>durchliichert</span> <span class='ocrx_word' id='word_1_269' title='bbox 1344 2722 1416 2756; x_wconf 91' lang='lat' dir='ltr'>und</span> <span class='ocrx_word' id='word_1_270' title='bbox 1441 2720 1682 2766; x_wconf 61' lang='lat' dir='ltr'>abgeblattert.</span> <span class='ocrx_word' id='word_1_271' title='bbox 1733 2721 1822 2755; x_wconf 88' lang='lat' dir='ltr'>Dar-</span> 
     </span>
     <span class='ocr_line' id='line_1_35' title="bbox 197 2779 1821 2824; baseline 0 -9"><span class='ocrx_word' id='word_1_272' title='bbox 197 2783 314 2816; x_wconf 84' lang='lat' dir='ltr'>unter:</span> <span class='ocrx_word' id='word_1_273' title='bbox 341 2780 468 2816; x_wconf 85' lang='lat' dir='ltr'>Similis</span> <span class='ocrx_word' id='word_1_274' title='bbox 493 2780 563 2814; x_wconf 80' lang='lat' dir='ltr'>fuit</span> <span class='ocrx_word' id='word_1_275' title='bbox 586 2780 693 2814; x_wconf 84' lang='lat' dir='ltr'>missa</span> <span class='ocrx_word' id='word_1_276' title='bbox 717 2779 919 2815; x_wconf 83' lang='lat' dir='ltr'>consiliariis</span> <span class='ocrx_word' id='word_1_277' title='bbox 945 2787 979 2815; x_wconf 89' lang='lat' dir='ltr'>et</span> <span class='ocrx_word' id='word_1_278' title='bbox 1002 2780 1117 2824; x_wconf 84' lang='lat' dir='ltr'>probis</span> <span class='ocrx_word' id='word_1_279' title='bbox 1132 2781 1329 2815; x_wconf 83' lang='lat' dir='ltr'>hominibus</span> <span class='ocrx_word' id='word_1_280' title='bbox 1349 2781 1499 2815; x_wconf 82' lang='lat' dir='ltr'>civitatis</span> <span class='ocrx_word' id='word_1_281' title='bbox 1517 2780 1821 2815; x_wconf 85' lang='lat' dir='ltr'>Barchinonensis.</span> 
     </span>
     <span class='ocr_line' id='line_1_36' title="bbox 342 2838 1824 2884; baseline -0.002 -10"><span class='ocrx_word' id='word_1_282' title='bbox 342 2841 429 2875; x_wconf 88' lang='lat'>1311</span> <span class='ocrx_word' id='word_1_283' title='bbox 469 2850 541 2874; x_wconf 84' lang='lat' dir='ltr'>war</span> <span class='ocrx_word' id='word_1_284' title='bbox 577 2839 632 2874; x_wconf 81' lang='lat' dir='ltr'>die</span> <span class='ocrx_word' id='word_1_285' title='bbox 659 2839 771 2874; x_wconf 79' lang='lat' dir='ltr'>Sache</span> <span class='ocrx_word' id='word_1_286' title='bbox 809 2839 900 2874; x_wconf 88' lang='lat' dir='ltr'>noch</span> <span class='ocrx_word' id='word_1_287' title='bbox 931 2839 1030 2873; x_wconf 87' lang='lat' dir='ltr'>nicht</span> <span class='ocrx_word' id='word_1_288' title='bbox 1055 2840 1239 2884; x_wconf 85' lang='lat' dir='ltr'>geordnet,</span> <span class='ocrx_word' id='word_1_289' title='bbox 1277 2841 1371 2874; x_wconf 89' lang='lat' dir='ltr'>denn</span> <span class='ocrx_word' id='word_1_290' title='bbox 1395 2850 1451 2874; x_wconf 85' lang='lat' dir='ltr'>am</span> <span class='ocrx_word' id='word_1_291' title='bbox 1480 2839 1533 2875; x_wconf 89' lang='lat'>13.</span> <span class='ocrx_word' id='word_1_292' title='bbox 1560 2839 1642 2873; x_wconf 88' lang='lat' dir='ltr'>Juni</span> <span class='ocrx_word' id='word_1_293' title='bbox 1669 2838 1824 2873; x_wconf 80' lang='lat' dir='ltr'>schreibt</span> 
     </span>
     <span class='ocr_line' id='line_1_37' title="bbox 196 2897 1823 2943; baseline -0.002 -9"><span class='ocrx_word' id='word_1_294' title='bbox 196 2899 321 2943; x_wconf 74' lang='lat' dir='ltr'>Jayme</span> <span class='ocrx_word' id='word_1_295' title='bbox 347 2909 391 2933; x_wconf 79' lang='lat' dir='ltr'>an</span> <span class='ocrx_word' id='word_1_296' title='bbox 416 2898 518 2932; x_wconf 85' lang='lat' dir='ltr'>Vidal</span> <span class='ocrx_word' id='word_1_297' title='bbox 544 2899 587 2932; x_wconf 91' lang='lat' dir='ltr'>de</span> <span class='ocrx_word' id='word_1_298' title='bbox 613 2897 810 2932; x_wconf 84' lang='lat' dir='ltr'>Villanova:</span> <span class='ocrx_word' id='word_1_299' title='bbox 851 2898 914 2932; x_wconf 82' lang='lat' dir='ltr'>Ihr</span> <span class='ocrx_word' id='word_1_300' title='bbox 941 2898 1046 2941; x_wconf 86' lang='lat' dir='ltr'>wisst,</span> <span class='ocrx_word' id='word_1_301' title='bbox 1072 2898 1137 2932; x_wconf 86' lang='lat' dir='ltr'>wie</span> <span class='ocrx_word' id='word_1_302' title='bbox 1163 2899 1244 2932; x_wconf 89' lang='lat' dir='ltr'>sehr</span> <span class='ocrx_word' id='word_1_303' title='bbox 1269 2910 1334 2933; x_wconf 85' lang='lat' dir='ltr'>uns</span> <span class='ocrx_word' id='word_1_304' title='bbox 1360 2909 1415 2932; x_wconf 83' lang='lat' dir='ltr'>am</span> <span class='ocrx_word' id='word_1_305' title='bbox 1440 2898 1580 2932; x_wconf 87' lang='lat' dir='ltr'>Herzen</span> <span class='ocrx_word' id='word_1_306' title='bbox 1606 2897 1706 2942; x_wconf 86' lang='lat' dir='ltr'>liegt,</span> <span class='ocrx_word' id='word_1_307' title='bbox 1744 2897 1823 2931; x_wconf 81' lang='lat' dir='ltr'>dass</span> 
     </span>
     <span class='ocr_line' id='line_1_38' title="bbox 197 2956 1821 2992; baseline -0.002 0"><span class='ocrx_word' id='word_1_308' title='bbox 197 2957 323 2992; x_wconf 71' lang='lat' dir='ltr'>Pen-us</span> <span class='ocrx_word' id='word_1_309' title='bbox 348 2956 492 2992; x_wconf 85' lang='lat' dir='ltr'>Marsilii</span> <span class='ocrx_word' id='word_1_310' title='bbox 524 2968 593 2991; x_wconf 86' lang='lat' dir='ltr'>von</span> <span class='ocrx_word' id='word_1_311' title='bbox 625 2956 740 2991; x_wconf 89' lang='lat' dir='ltr'>seiner</span> <span class='ocrx_word' id='word_1_312' title='bbox 765 2956 880 2991; x_wconf 83' lang='lat' dir='ltr'>Strafe</span> <span class='ocrx_word' id='word_1_313' title='bbox 909 2956 1039 2990; x_wconf 78' lang='lat' dir='ltr'>befreit</span> <span class='ocrx_word' id='word_1_314' title='bbox 1062 2956 1160 2991; x_wconf 85' lang='lat' dir='ltr'>wird.</span> <span class='ocrx_word' id='word_1_315' title='bbox 1210 2957 1347 2991; x_wconf 86' lang='lat' dir='ltr'>Unsere</span> <span class='ocrx_word' id='word_1_316' title='bbox 1374 2956 1503 2990; x_wconf 81' lang='lat' dir='ltr'>Volker</span> <span class='ocrx_word' id='word_1_317' title='bbox 1527 2956 1640 2991; x_wconf 87' lang='lat' dir='ltr'>haben</span> <span class='ocrx_word' id='word_1_318' title='bbox 1667 2956 1821 2991; x_wconf 88' lang='lat' dir='ltr'>dadurch</span> 
     </span>
    </p>
   </div>
   <div class='ocr_carea' id='block_1_8' title="bbox 267 3026 715 3069">
    <p class='ocr_par' dir='ltr' id='par_1_8' title="bbox 267 3026 715 3069">
     <span class='ocr_line' id='line_1_39' title="bbox 267 3026 715 3069; baseline 0 -6"><span class='ocrx_word' id='word_1_319' title='bbox 267 3028 320 3055; x_wconf 75' lang='lat'>567</span> <span class='ocrx_word' id='word_1_320' title='bbox 339 3030 368 3069; x_wconf 83' lang='lat' dir='ltr'>a)</span> <span class='ocrx_word' id='word_1_321' title='bbox 393 3028 460 3063; x_wconf 76' lang='lat' dir='ltr'>Ein</span> <span class='ocrx_word' id='word_1_322' title='bbox 486 3028 589 3062; x_wconf 87' lang='lat' dir='ltr'>Wort</span> <span class='ocrx_word' id='word_1_323' title='bbox 615 3026 715 3063; x_wconf 82' lang='lat' dir='ltr'>fehlt.</span> 
     </span>
    </p>
   </div>
  </div>
 </body>
</html>
