2296 3512
931 227 1249 265 -797—

278 354 599 398 ecclesiasticis
622 357 743 396 terre
769 356 923 396 nostre
956 355 1148 407 possunt
1178 366 1359 407 preesse
1390 353 1564 395 utiliter
1596 356 1640 394 et
1672 353 1899 406 prodesse,

283 428 433 468 vestra
465 425 631 466 eximia
664 423 906 466 clemencia
939 423 1167 465 interdum
1196 424 1337 465 eciam
1367 424 1581 477 nostrisa)
1650 457 1658 464 .
1684 456 1692 464 .
1727 422 1900 478 suppli-

275 495 540 538 cacionibus
584 508 673 536 non
705 494 903 545 inducta,
951 494 1004 535 de
1035 493 1127 535 illis
1158 493 1203 534 in
1237 494 1372 535 terris
1405 494 1587 545 nostris,
1630 493 1794 547 quibus
1827 494 1900 535 de-

278 567 435 608 berent
467 564 794 619 congruencius
826 563 983 619 prefici
1015 576 1096 605 nec
1129 563 1174 605 in
1209 563 1311 606 aliis
1339 564 1530 606 aliorum
1554 578 1712 619 regum
1735 563 1901 606 dicioni

278 635 492 678 subiectis
540 635 630 677 illis
676 634 916 688 providere
963 633 1199 689 dignatur,
1248 636 1316 675 set
1362 634 1624 689 frequenter
1669 634 1716 676 in
1761 647 1900 689 regno

277 710 433 748 nostro
478 719 697 760 personas
732 704 1009 759 alienigenas
1041 704 1231 758 preficit,
1280 706 1399 759 quod
1432 704 1510 746 alii
1541 718 1670 760 reges
1705 709 1747 746 et
1780 706 1900 758 prin-

275 777 398 831 cipes
432 790 543 832 eque
576 789 665 818 non
697 775 909 827 tolerant,
943 778 992 816 ut
1027 775 1278 830 apostolica
1310 775 1599 829 providencia
1627 776 1738 818 bene
1760 776 1898 818 novit.
1947 799 1955 804 -

276 847 453 902 Quibus
488 846 667 903 quidem
702 846 765 889 sic
795 846 984 900 prefecti
1007 845 1221 897 ecclesiis,
1255 859 1355 887 cum
1382 859 1488 888 raro
1511 846 1681 888 faciant
1703 846 1900 889 residen-

274 918 394 960 ciam
425 918 472 960 in
506 917 687 969 eisdem,
731 918 916 959 comoda
954 916 1245 959 ecclesiarum
1278 916 1502 970 recipiunt
1536 919 1579 959 et
1611 917 1664 958 de
1696 917 1899 970 ipsorum

274 1002 398 1041 cura,
445 988 624 1043 qualem
667 988 895 1039 deberent,
942 987 1187 1030 sollicitum
1228 1001 1318 1030 non
1360 990 1633 1042 supportant
1673 1021 1680 1028 .
1714 1021 1722 1028 .
1753 1022 1760 1028 .
1794 987 1898 1029 Dat.

275 1059 559 1102 Barchinone
592 1072 735 1101 nonas
769 1058 995 1101 Octobris.

419 1130 501 1174 Reg.
528 1130 594 1163 347
622 1130 648 1165 f.
678 1130 781 1164 174v.

271 1286 374 1327 500.
422 1283 473 1327 G.
506 1284 764 1326 Oulomarii
814 1296 871 1324 an
918 1284 972 1325 Β.
1012 1282 1067 1324 (16
1106 1282 1360 1325 Aversone:
1410 1280 1723 1335 Schilderung
1770 1283 1902 1323 einer

279 1354 481 1397 Audienz
513 1355 589 1396 bei
623 1354 859 1397 <Iohannes
881 1353 1043 1396 XXII.
1077 1354 1166 1394 mit
1199 1352 1286 1394 den
1318 1353 1582 1395 bekannten
1615 1351 1900 1406 Stiirungem

274 1414 604 1478 Kusserullgeu
653 1425 732 1466 des
780 1425 975 1478 Papstes
1023 1425 1140 1465 iiber
1187 1424 1336 1465 Zehnt
1381 1424 1474 1465 und
1522 1424 1901 1477 aragonesisches

275 1496 575 1542 Kardinalatr,
622 1496 752 1537 Liste
791 1495 875 1537 der
914 1494 1475 1545 Kal-(linalskandidaten;
1509 1493 1902 1547 Verhandlungen

275 1568 364 1609 mit
385 1567 617 1621 Napoleon
642 1566 820 1617 Orsini3
856 1565 1119 1609 Sehnsucht
1149 1565 1268 1607 nach
1290 1566 1460 1607 Hause.
1515 1565 1726 1618 Arignon
1749 1564 1901 1618 (1323)

977 1636 1108 1690 April
1144 1635 1211 1678 16.

415 1731 609 1773 Domino
643 1731 875 1773 Bernardo
920 1732 974 1773 de
1006 1731 1244 1784 Auercone
1289 1744 1342 1772 ex
1385 1734 1517 1785 parte
1560 1729 1612 1772 G.
1647 1729 1902 1773 Oulomarii

272 1801 400 1844 salus
448 1805 491 1843 et
538 1816 669 1844 omne
718 1802 898 1844 bonum.
983 1801 1148 1857 Recepi
1195 1801 1376 1843 literam
1424 1804 1625 1843 vestram
1674 1804 1717 1843 et
1764 1800 1901 1842 aliam

277 1873 448 1915 domini
479 1873 601 1928 regis
635 1875 678 1914 et
711 1873 889 1915 domine
922 1872 1077 1928 regine
1111 1872 1247 1914 aliam
1281 1885 1382 1914 cum
1415 1871 1532 1924 aliis,
1567 1885 1652 1927 que
1685 1885 1739 1914 ex
1771 1874 1901 1927 parte

274 1943 478 1999 ipsorum
526 1944 840 1999 dirigebantur
888 1944 1070 1986 domino
1117 1956 1236 1999 pape
1283 1957 1367 1999 pro
1415 1943 1551 1996 facto,
1596 1944 1716 1998 quod
1760 1943 1899 1995 scitis,

274 2016 578 2070 presentande
609 2029 690 2070 per
721 2028 793 2057 me
827 2014 1008 2057 domino
1042 2027 1159 2070 pape
1193 2048 1201 2055 .
1239 2048 1246 2056 .
1283 2048 1290 2055 .
1353 2013 1552 2056 Ascendi
1585 2015 1641 2056 ad
1673 2013 1901 2069 palacium

272 2085 448 2127 domini
478 2099 596 2141 pape
620 2090 663 2127 et
685 2085 825 2128 habui
858 2085 1115 2141 ingressum
1151 2086 1206 2127 ad
1239 2085 1389 2141 ipsum
1412 2085 1643 2127 dominum
1666 2098 1834 2141 papam
1859 2090 1902 2127 et

271 2159 410 2207 certe,
444 2156 736 2198 benedicatur
770 2156 1036 2209 altissimus,
1069 2156 1241 2212 recepit
1272 2170 1342 2198 me
1375 2156 1568 2198 multum
1598 2158 1835 2211 gratanter
1858 2159 1901 2197 et

275 2226 471 2282 placide,
517 2228 637 2282 quod
682 2229 750 2270 est
790 2228 970 2280 mirum,
1014 2230 1058 2269 et
1102 2228 1203 2270 ideo
1241 2227 1505 2270 notabiliter
1543 2227 1898 2283 exprimendum.

275 2296 379 2339 Feci
410 2297 593 2339 inicium
625 2297 958 2353 proposicionis
990 2312 1087 2340 mee
1119 2298 1374 2350 literaliter,
1406 2302 1456 2340 ut
1488 2298 1650 2340 melius
1683 2302 1726 2340 et
1758 2297 1901 2340 since-

274 2368 371 2410 rius
404 2368 611 2420 dicerem,
646 2372 689 2410 et
721 2368 808 2410 sibi
841 2369 1177 2424 acceptabilius.
1241 2369 1300 2411 Et
1330 2369 1553 2425 premisso
1587 2382 1652 2422 eo,
1687 2369 1806 2424 quod
1834 2369 1900 2410 in-

274 2438 494 2480 formacio
528 2438 740 2491 continet,
775 2453 915 2494 quare
947 2454 1029 2495 per
1062 2439 1239 2495 aliquas
1267 2440 1362 2482 dies
1383 2440 1429 2482 in
1453 2440 1579 2482 curia
1600 2439 1776 2482 fueram
1800 2453 1899 2481 cum

271 2510 459 2551 domino
491 2509 633 2551 Vitali
673 2523 755 2551 nec
787 2514 891 2551 ante
925 2523 1053 2553 suam
1087 2525 1157 2552 me
1192 2511 1472 2553 contuleram
1506 2524 1684 2553 sacram
1717 2524 1900 2566 presen-

277 2580 392 2622 ciam
442 2594 495 2621 ex
541 2593 679 2623 causa
716 2594 798 2635 per
836 2581 1067 2623 dominum
1105 2595 1272 2636 regem,
1306 2584 1357 2623 ut
1388 2582 1528 2634 scitis,
1562 2581 1698 2624 michi
1729 2581 1775 2623 in
1808 2581 1900 2637 pri-

276 2650 452 2692 mordio
484 2650 824 2692 informacionis
856 2651 1042 2704 tradita,
1076 2653 1178 2694 veni
1212 2653 1269 2694 ad
1300 2653 1538 2708 negocium
1570 2652 1708 2694 michi
1741 2652 1898 2694 comis-

276 2735 390 2773 sum,
425 2724 474 2763 ut
507 2721 721 2775 abcius,2)
754 2721 970 2764 humilius
1003 2724 1047 2763 et
1078 2723 1364 2766 reverencius
1396 2723 1539 2778 potui,
1566 2725 1702 2778 prout
1724 2722 1898 2764 fueram

277 2792 546 2834 informatus
595 2795 638 2834 et
686 2791 936 2834 altissimus
983 2792 1120 2835 michi
1167 2794 1301 2835 dedit.
1384 2794 1535 2836 Finita
1581 2793 1898 2849 proposicione

275 2876 392 2915 mea,
426 2863 633 2918 pluribus
660 2862 829 2904 domini
852 2876 967 2918 pape
991 2864 1307 2907 accedentibus
1329 2864 1757 2920 interrupcionibuffi
1785 2876 1897 2919 quas

273 2933 470 2976 audistis
515 2934 665 2989 ipsum
706 2932 854 2975 facere
897 2934 1196 2987 consuevisse,
1240 2948 1294 2976 ex
1335 2935 1497 2990 quibus
1535 2949 1624 2977 non
1663 2935 1896 2985 turbabar,

344 3003 397 3029 499
422 3008 451 3047 a)
478 3003 543 3037 Ein
568 3003 619 3037 bis
646 3003 729 3036 zwei
756 3003 897 3036 W'orter
922 3003 1050 3037 fehlen.
1079 3024 1122 3028 —
1154 3004 1208 3031 500
1225 3006 1254 3043 a)
1281 3004 1324 3039 So
1351 3006 1408 3039 Or.
