2296 3512
1023 259 1343 299 *556—

372 389 521 429 vestre
539 386 793 429 maiestatis
818 400 918 428 cum
942 387 1121 428 comuni
1138 387 1363 429 Florentie
1382 389 1426 429 et
1444 387 1500 428 ad
1517 386 1696 428 initium
1714 387 1991 429 executionis

371 457 614 500 laudabilis
647 458 738 498 iam
761 457 954 498 deducta
984 457 1031 498 in
1053 457 1270 500 honorem
1303 460 1346 499 et
1369 457 1691 499 exaltationem
1719 458 1841 512 regie
1864 457 1991 499 celsi—

371 528 541 570 tudinis
567 528 900 569 redundabant:
935 540 1018 583 ego
1050 541 1165 570 unus
1197 528 1316 569 inter
1340 527 1466 580 alios,
1503 527 1579 582 qui
1611 527 1760 583 regios
1788 527 1993 581 celantur

371 599 579 650 honores,
621 601 668 640 ut
699 598 781 639 hec
812 598 1057 640 secundum
1088 598 1263 654 regium
1296 598 1628 654 beneplacitum
1666 600 1797 653 grato
1832 598 1991 640 effectu

373 669 672 711 subderentur
704 682 924 720 exercere,
968 670 1088 724 quod
1110 669 1251 725 potui,
1285 683 1365 723 per
1385 682 1456 710 me
1480 672 1523 710 et
1547 668 1658 711 alios
1692 682 1782 710 non
1805 669 1992 721 cessavi,

371 742 588 794 reputans
627 739 764 780 michi
794 739 841 780 in
874 739 1075 795 graciam
1116 740 1371 795 specialem,
1418 739 1464 781 in
1496 739 1595 790 hiis,
1647 753 1730 794 que
1764 739 1994 781 altitudini

371 809 493 864 regie
541 809 753 864 placeant
804 810 1014 852 exerceri.
1091 809 1208 852 Sane
1259 823 1444 865 possum
1498 810 1545 851 in
1597 810 1733 851 verbo
1786 809 1993 851 veritatis

372 893 588 932 asserere,
639 881 759 935 quod
792 882 849 922 ad
881 881 1267 923 consumationem
1313 880 1638 935 premissorum
1670 883 1777 922 vota
1809 879 1992 921 Floren-

372 950 571 993 tiuorum
628 951 827 993 omnium
880 965 981 993 cum
1033 951 1196 993 vestris
1250 950 1542 1004 beneplacitis
1595 964 1642 993 se
1695 950 1991 1002 conformant,

371 1021 533 1076 grandi
579 1021 744 1063 fiducia
788 1024 1110 1077 preconcepta,
1161 1022 1279 1077 quod
1325 1021 1371 1062 in
1414 1022 1497 1062 hoc
1545 1021 1781 1076 potissime
1836 1024 1992 1076 pateat

371 1092 593 1147 iacturaa)
621 1092 905 1134 inimicorum
929 1093 1130 1134 comunis
1156 1092 1297 1146 ipsius
1317 1105 1367 1133 ac
1394 1105 1474 1147 per
1501 1104 1778 1146 consequens
1802 1091 1927 1146 quies
1951 1094 1994 1133 et

372 1163 589 1205 condittio
621 1176 841 1218 prospera
864 1164 1129 1205 devotorum
1161 1163 1283 1218 regie
1314 1162 1581 1204 maiestatis.
1635 1162 1841 1216 Exurgat
1867 1162 1994 1217 regia

372 1233 590 1275 celsitudo
623 1234 907 1276 inimicorum
930 1233 1216 1287 insolentiab)
1240 1233 1509 1288 propulsata
1542 1237 1699 1274 contra
1725 1232 1992 1275 temerarios

372 1317 509 1347 ausus
547 1304 861 1346 invadencium
912 1308 953 1346 et
993 1304 1315 1359 occupancium
1356 1317 1546 1359 regnum
1596 1304 1738 1356 etc.0)‚
1787 1306 1992 1345 conterat

373 1388 549 1430 quoque
595 1375 855 1429 superbiam
896 1376 1137 1417 eorundem
1187 1378 1230 1416 et
1262 1375 1319 1415 ad
1350 1374 1396 1416 id
1442 1373 1557 1428 regii
1596 1373 1781 1415 honoris
1824 1373 1991 1416 intuitu

373 1447 644 1487 accendatur
678 1480 684 1486 .
722 1480 729 1486 .
766 1479 773 1486 .
817 1446 918 1487 Dat.
965 1445 999 1486 F
1004 1445 1192 1487 lorentie
1239 1445 1309 1487 die
1356 1445 1453 1485 XV.
1499 1444 1707 1485 Januarii
1750 1444 1884 1486 XHII
1928 1444 1994 1486 in·-

373 1504 597 1546 dicfcionis.

514 1574 603 1609 CRD
631 1577 694 1618 Ap.
728 1576 783 1607 41.
835 1574 1104 1618 (*>1·.I‘ap.Ssp.
1156 1574 1226 1607 Auf
1264 1574 1326 1607 der
1362 1573 1549 1607 Ruckseite
1587 1584 1655 1606 von
1693 1574 1754 1607 der
1791 1573 1894 1606 Hand
1932 1573 1994 1607 des

370 1633 569 1667 Bernardus
596 1634 637 1666 de
666 1636 858 1667 Aversone:
885 1633 1018 1667 Littera
1042 1633 1165 1675 missa,
1199 1633 1334 1676 quando
1360 1632 1566 1666 Manfredus
1593 1632 1714 1666 Noctis
1739 1632 1833 1665 misit
1859 1631 1993 1665 literam

369 1693 474 1726 Petro
499 1692 633 1726 Maroni
668 1693 709 1726 (19
744 1692 846 1726 factis
879 1692 1129 1726 comunitatum
1163 1692 1269 1735 paitis
1295 1691 1431 1725 Guelfe.
1483 1691 1558 1734 Vgl.
1585 1691 1683 1725 Brief
1708 1691 1770 1725 ΧΓ.
1798 1691 1876 1725 365.
1928 1694 1994 1724 Am

370 1751 426 1785 22.
447 1751 600 1785 Februar
626 1752 729 1784 dankt
755 1752 817 1784 der
834 1751 948 1795 Konig
972 1752 1032 1784 fiir
1059 1752 1123 1784 den
1143 1751 1259 1793 Brief3
1286 1751 1329 1784 da
1354 1761 1393 1784 er
1418 1761 1486 1783 von
1506 1750 1667 1784 Manfred
1695 1750 1783 1784 noch
1811 1750 1908 1784 nicht
1933 1761 1992 1794 ge-

372 1811 511 1854 niigend
551 1810 748 1844 infonniert
773 1811 833 1849 ist,
871 1810 962 1844 kann
994 1822 1031 1844 er
1062 1810 1151 1844 noch
1178 1810 1292 1843 nichts
1317 1810 1541 1843 Bestimmtes
1567 1809 1760 1843 schreiben.
1810 1809 1998 1853 Bestandig

372 1869 477 1903 denkt
505 1880 542 1902 91·
568 1880 611 1902 an
638 1870 703 1902 den
731 1870 804 1913 Zug
828 1869 917 1903 nach
944 1869 1136 1903 Sardinien.
1187 1869 1270 1912 Reg.
1298 1869 1363 1902 341
1390 1869 1415 1904 f.
1444 1869 1522 1902 6³5.

513 1931 551 1970 2.
586 1929 846 1971 Reverendo
879 1929 925 1970 in
959 1927 1140 1971 Christo
1172 1928 1309 1984 patri,
1344 1928 1525 1970 domino
1548 1929 1696 1981 Ponco
1729 1928 1813 1970 Dei
1846 1928 1995 1982 gratia

370 2000 696 2042 Barcinonensi
730 2000 937 2054 episcopo
981 2000 1206 2041 Antonius
1242 2000 1396 2041 eadem
1429 1999 1579 2054 gratia
1613 1999 1850 2054 episcopus
1892 1998 1994 2041 Flo-

372 2070 578 2113 rentinus
611 2070 804 2112 salutem
828 2073 872 2112 et
898 2070 1119 2113 sinceram
1152 2070 1197 2111 in
1221 2070 1402 2112 domino
1437 2070 1685 2111 caritatem.
1740 2068 1995 2123 Cupientes,

375 2142 499 2196 quod
532 2141 676 2183 honor
711 2144 753 2183 et
785 2141 930 2196 gloria
955 2141 1125 2183 domini
1156 2141 1277 2196 regis
1299 2142 1565 2196 Aragonum
1600 2141 1824 2182 exaltetur
1857 2141 1996 2195 quod-

374 2225 459 2267 que
494 2212 691 2254 hostium
732 2212 854 2267 regie
885 2212 1139 2254 maiestatis
1172 2211 1404 2255 temeritas
1438 2211 1644 2263 elidatur,
1687 2211 1732 2253 in
1764 2211 1865 2264 hiis,
1912 2224 1997 2266 que

373 2283 591 2325 honorem
614 2282 757 2338 ipsius
779 2283 1033 2326 maiestatis
1049 2282 1291 2337 inspiciant
1310 2285 1354 2324 et
1372 2283 1568 2337 dampna
1585 2282 1783 2324 inferant
1799 2281 1996 2324 hostium

375 2353 697 2408 predictorum,
730 2353 922 2396 libenter
955 2366 1139 2408 operam
1173 2356 1217 2396 et
1250 2353 1449 2395 studium
1481 2353 1787 2407 impertimur:
1822 2355 1994 2395 stantes

373 2437 551 2478 semper
593 2425 744 2478 parati
789 2425 846 2466 ad
878 2425 1030 2467 omnia
1070 2424 1214 2480 ipsius
1254 2424 1472 2465 mandata
1505 2426 1548 2465 et
1579 2423 1862 2477 beneplacita
1892 2436 1995 2478 pro—

374 2495 616 2549 sequenda.
680 2495 738 2536 Et
772 2495 876 2550 quia
906 2508 990 2550 pro
1028 2508 1195 2550 magno
1227 2508 1412 2537 munere
1451 2496 1716 2550 reputamus
1750 2495 1869 2549 apud
1901 2493 1995 2536 eius

375 2565 685 2607 celsitudinem
744 2566 1134 2609 recommendatos
1187 2565 1360 2617 haberi,
1422 2565 1745 2620 paternitatem
1798 2567 1995 2607 vestram

375 2635 621 2677 affectuose
652 2648 882 2691 rogamus,
916 2640 1138 2691 quatenus
1170 2649 1253 2679 nos
1278 2635 1421 2678 eidem
1453 2636 1605 2691 sepius
1631 2635 1996 2678 recommendare

373 2706 624 2761 dignemini
668 2708 711 2748 et
742 2719 825 2749 nos
859 2709 902 2749 et
934 2707 1243 2763 episcopatum
1274 2707 1584 2749 Florentinum
1617 2706 1777 2748 offerre
1807 2707 1994 2760 paratos

375 2777 432 2819 ad
455 2777 624 2829 omnia,
653 2790 737 2832 que
762 2778 999 2820 mandabit
1024 2778 1151 2833 regia
1173 2777 1404 2821 celsitudo.
1459 2778 1625 2820 Vestra
1647 2789 1824 2832 quoque
1845 2778 1996 2830 pater-

371 2848 493 2890 nitas
527 2860 609 2890 nos
638 2848 844 2902 requirat
870 2849 927 2890 ad
953 2848 1117 2901 omnia,
1152 2862 1237 2903 que
1262 2848 1388 2891 vobis
1410 2847 1676 2902 placuerint,
1705 2846 1993 2889 confidenter.

370 2920 474 2961 Dat.
508 2918 736 2961 Florentie
768 2918 839 2960 die
871 2919 1018 2961 XIIII.
1051 2918 1274 2961 Januarii.

512 2990 542 3033 a)
567 2988 679 3022 iatura
704 2988 761 3023 Or.
816 2988 846 3032 b)
870 2988 1062 3023 insolentiis
1088 2988 1145 3023 Or.
1197 2990 1226 3033 c)
1251 2988 1294 3023 So
1320 2989 1413 3023 kann
1437 2999 1504 3022 nur
1529 2988 1584 3022 die
1612 2987 1827 3030 Abkiirzung
1851 2986 1992 3030 gelesen

369 3048 523 3082 werden.
