2296 3512
969 280 1280 319 —685-

311 417 439 445 arum
484 403 714 446 infirmata
759 407 826 446 est
870 407 914 446 et
957 409 1160 448 mortua:
1206 410 1301 449 tum
1343 408 1483 450 eciam
1523 409 1630 465 quia
1671 410 1798 465 galee
1835 410 1933 466 ipse

311 477 499 529 propter
539 474 932 529 importunitatem
972 475 1193 530 hyemalis
1236 479 1454 533 temporis
1497 483 1627 522 erant
1660 481 1716 522 ad
1748 482 1932 523 modum

311 547 630 600 conquassate,
665 548 761 586 tum
792 545 926 586 etiam
951 550 1140 601 propter
1162 548 1385 590 defectum
1408 550 1616 604 panatice
1639 565 1720 607 per
1741 564 1931 604 moram,

311 628 446 670 quam
484 614 686 657 fecerant
717 615 763 656 in
798 616 943 657 eundo
977 619 1020 657 et
1052 618 1216 659 stando
1249 618 1293 659 in
1326 619 1416 663 illis
1449 621 1670 675 partibuS,
1704 622 1795 663 iam
1829 635 1932 664 con-

309 688 501 740 sumpte,
527 699 616 741 qua
638 685 728 727 frui
751 686 976 728 debebant
1007 701 1090 742 pro
1124 688 1274 743 viagio
1308 690 1531 731 stabilito:
1566 705 1654 734 non
1686 696 1931 748 potuerunt

307 756 527 811 predicte>
555 756 683 811 galee
730 757 900 798 morari
948 757 1139 800 ulterius
1184 759 1229 800 in
1274 760 1482 814 partibus
1525 761 1629 813 illis,
1667 766 1735 804 set
1773 767 1931 805 contra

307 826 588 868 voluntatem
607 840 761 869 eorum
785 828 989 883 oportuit
1012 841 1087 871 eas
1110 830 1288 884 regredi
1311 834 1354 872 et
1376 831 1421 872 in
1445 830 1645 874 Siciliam
1670 847 1928 890 properare.
1947 839 1955 844 “

306 896 381 938 Illi
406 911 512 939 vero
546 898 774 953 armigeri,
810 899 887 953 qui
917 902 1045 941 erant
1070 914 1168 941 cum
1195 901 1349 943 eodem
1372 901 1514 944 fratre
1538 903 1730 959 Rogerio
1753 919 1930 948 reman-

307 971 464 1010 serunt
487 971 597 1024 aput
620 967 888 1024 Calypolim,
912 971 1028 1012 uude
1052 971 1232 1013 assidue
1256 971 1424 1013 dictum
1447 972 1767 1028 imperatorem
1794 976 1929 1018 offen·

306 1039 419 1080 dunt
451 1042 493 1081 et
528 1039 851 1095 dampnificare
891 1054 990 1082 eum
1030 1054 1119 1083 non
1159 1042 1369 1084 desinunt
1396 1043 1688 1086 incessanter.
1752 1047 1929 1088 Predic-

305 1112 378 1152 tus
414 1113 562 1151 autem
584 1111 888 1166 Beringerius,
909 1113 1014 1153 dum
1034 1126 1133 1154 cum
1153 1112 1293 1168 galeis
1313 1114 1510 1169 quinque
1528 1118 1633 1170 post
1651 1116 1881 1160 decessum
1891 1117 1927 1172 d)

304 1181 610 1236 predictarum
652 1181 885 1236 galearum
926 1183 1092 1235 decem,
1132 1183 1296 1238 quibus
1334 1189 1518 1240 preerat
1550 1184 1785 1240 Sanchius,
1829 1202 1927 1230 cnm

304 1253 500 1307 quadam
523 1256 654 1307 parte
675 1253 983 1308 predictorum
1003 1254 1350 1307 armigerorum,
1375 1257 1495 1311 quod
1517 1257 1634 1298 sicut
1666 1258 1928 1313 capitaneus

304 1335 459 1364 eorum
502 1322 651 1364 facere
696 1327 891 1378 poterat,
937 1325 1054 1366 mari
1098 1327 1311 1380 terraque
1360 1326 1706 1383 dampnificaret
1759 1329 1927 1371 dictum

302 1393 638 1448 imperatorem,
686 1397 728 1436 et
773 1398 1062 1437 occurrerent
1106 1396 1193 1438 sibi
1233 1397 1278 1438 in
1320 1397 1437 1439 mari
1479 1399 1631 1440 decem
1673 1402 1717 1441 et
1755 1404 1927 1455 septem

302 1464 430 1519 galee
472 1464 783 1517 Janueusium,
830 1479 915 1521 que
960 1467 1217 1522 navigando
1258 1469 1564 1522 procedebant
1616 1483 1774 1514 versus
1824 1471 1927 1515 illas

301 1538 471 1589 partes,
505 1535 621 1577 sicut
655 1538 761 1577 sunt
793 1536 924 1578 solite
957 1537 1188 1593 navigare,
1222 1551 1304 1593 per
1337 1540 1517 1582 easdem
1551 1540 1707 1595 galeas
1729 1541 1927 1584 -Januen-

300 1605 432 1657 sium,
459 1619 508 1648 eo
534 1609 691 1648 vocato
717 1620 742 1648 a
776 1607 1013 1662 capitaneo
1039 1609 1348 1663 predictarum
1372 1610 1607 1665 galearum
1629 1611 1926 1656 Januensium

301 1676 384 1718 sub
408 1676 587 1729 fiducia,
612 1680 772 1733 captus
797 1678 948 1720 extitit
974 1681 1017 1721 et
1044 1679 1252 1723 detentus
1286 1693 1386 1722 cum
1420 1681 1562 1736 galeis
1596 1682 1689 1725 suis
1716 1684 1925 1727 omnibus

301 1748 590 1803 supradictis,
648 1748 749 1791 aliis
805 1750 857 1790 de
914 1749 1056 1805 galeis
1111 1750 1309 1793 eiusdem
1355 1753 1625 1808 Berlingerii
1671 1755 1924 1808 trucidatis,

300 1818 403 1860 aliis
437 1819 582 1874 captis
617 1825 660 1861 et
699 1820 943 1863 carceratis
978 1821 1125 1864 ductis
1162 1836 1245 1877 per
1275 1823 1526 1866 Januenses
1561 1826 1804 1880 eosden1.8)
1866 1827 1926 1868 Et

298 1889 380 1931 hec
410 1889 615 1932 fecerunt
647 1891 756 1933 dicti
787 1891 815 1932 J
819 1904 1039 1934 anuenses
1067 1892 1113 1934 in
1139 1893 1382 1935 servicium
1403 1894 1696 1949 imperatoris
1717 1896 1923 1951 predicti,

301 1964 553 2003 asserentes
586 1975 633 2004 se
656 1961 800 2003 teneri
824 1965 867 2004 et
888 1967 1180 2019 proponeree)
1204 1964 1386 2007 omnino
1409 1965 1579 2008 dictum
1600 1966 1924 2022 imperatorem

300 2034 458 2072 contra
483 2032 729 2086 quemlibet
753 2033 993 2076 defendere
1027 2036 1070 2076 et
1101 2035 1270 2077 iuvare.
1334 2036 1527 2091 Propter
1559 2050 1672 2093 quos
1704 2038 1923 2081 insultum

300 2104 344 2142 et
386 2102 644 2156 capcionem
686 2103 752 2145 sic
792 2105 1058 2148 commissos
1091 2119 1173 2161 per
1206 2107 1386 2148 eosdem
1417 2107 1670 2151 Januenses
1704 2110 1922 2153 adversus

297 2172 550 2226 predictum
582 2174 906 2229 Berengarium
940 2189 1136 2231 suasque
1170 2177 1324 2232 galeas
1357 2179 1627 2233 gravissime
1655 2181 1921 2236 derogatum

300 2247 368 2283 est
405 2244 640 2298 proposito
680 2250 723 2287 et
755 2246 987 2289 obviatum
1022 2248 1319 2301 successibus,
1362 2249 1525 2304 quibus
1559 2250 1752 2294 validius
1786 2254 1921 2307 atque

298 2311 488 2366 felicius,
525 2327 659 2369 quam
692 2317 951 2372 prosperati
994 2317 1176 2371 fuerint,
1218 2318 1326 2361 dicti
1365 2320 1582 2376 armigeri
1615 2323 1671 2363 ad
1704 2322 1920 2365 honorem

298 2387 585 2426 sacrosancte
607 2385 807 2428 Romane
849 2388 1034 2431 ecclesie
1067 2389 1287 2444 proficere
1319 2390 1628 2445 dinoscuntur,
1663 2393 1769 2448 quia
1804 2394 1920 2436 sicut

298 2455 548 2497 communis
589 2455 898 2500 indifferenter
938 2459 1074 2501 habet
1115 2461 1281 2515 opinio,
1321 2461 1409 2504 nisi
1448 2462 1512 2504 eis
1544 2463 1667 2505 istud
1701 2464 1920 2507 obfuisset

294 2525 595 2578 obstaculum,
637 2528 693 2568 ad
730 2528 776 2569 id
808 2529 1094 2584 cohegissent
1127 2531 1295 2573 dictum
1328 2532 1651 2588 imperatorem
1676 2548 1757 2590 per
1778 2535 1918 2577 hosti-

295 2595 361 2637 les
404 2595 788 2651 impugnaciones,
834 2602 1074 2644 terrestres
1119 2602 1328 2644 videlicet
1374 2607 1417 2645 et
1461 2604 1676 2657 marinas,
1726 2619 1917 2660 quarum

295 2667 507 2721 precipue
545 2667 631 2709 fuit
670 2668 733 2710 eis
768 2670 981 2725 adempta
1011 2670 1221 2725 facultas,
1255 2674 1376 2729 quod
1410 2675 1463 2716 de
1494 2675 1630 2718 rebus
1668 2676 1761 2718 suis
1803 2676 1916 2718 diffi-

294 2737 400 2778 dere
443 2737 576 2780 malis
621 2739 828 2793 gratibus
872 2740 1118 2784 habuisset.
1182 2742 1315 2795 Quod
1358 2745 1462 2786 hinc
1508 2746 1738 2788 evidenter
1780 2760 1916 2789 unus-

295 2807 485 2862 quisque
518 2811 669 2863 potest
701 2813 909 2852 sensatus
943 2812 1190 2866 advertere,
1225 2814 1345 2869 quia,
1379 2815 1418 2857 si
1451 2815 1559 2857 dicti
1589 2817 1803 2872 armigeri
1834 2831 1914 2859 suo

294 2878 532 2934 capitaneo
549 2882 592 2920 et
606 2879 763 2934 galeis,
781 2894 865 2935 que
881 2883 1152 2924 commeatui
1175 2888 1304 2926 erant
1328 2885 1390 2928 eis
1414 2887 1471 2927 ad
1488 2886 1636 2929 minus
1661 2889 1913 2939 accomode,

435 2948 465 2991 d)
491 2948 582 2982 Statt
605 2949 805 2983 discessmn.
874 2952 903 2989 Θ)
933 2950 1023 2985 Statt
1047 2954 1303 2996 proponentes?

435 3054 461 3094 ⁸)
488 3056 555 3088 Am
581 3055 636 3088 31.
663 3054 730 3088 Mai
760 3055 859 3090 1305.
