2296 3512
911 264 1227 304 —655—

264 393 427 444 fertur,
476 391 657 432 valebat
699 390 929 432 annuatim
977 389 1160 431 Venetis
1206 389 1481 443 supradictis
1524 401 1659 442 quam
1705 390 1882 428 centum

267 461 595 518 quinquaginta
616 460 743 502 milia
763 461 1051 502 florenorum,
1076 459 1142 500 ita
1165 461 1283 514 quod
1306 463 1401 501 tum
1425 462 1609 513 propter
1625 457 1883 511 capcionem

267 532 439 588 [castri]
463 531 681 573 Theclaldi
711 533 806 572 tum
839 531 975 572 etiam
999 534 1186 583 propter
1210 530 1463 583 captionem
1488 529 1626 572 castri
1652 529 1883 569 Marcamo

265 603 569 658 predictorum
591 601 871 643 exclamatur
894 600 1072 656 publice
1089 613 1169 654 per
1185 601 1387 642 diversos
1405 600 1597 642 istarum
1616 598 1814 653 partium
1842 599 1885 638 et

266 673 495 729 provincie
542 673 771 715 homines:
811 672 1067 713 Moriantur
1112 674 1155 712 et-
1196 672 1487 713 destruantur
1520 669 1697 722 Veneti,
1731 670 1885 711 sancte

266 744 466 786 Romane
514 743 698 786 ecclesie
738 742 922 794 inimici,
955 745 1005 784 ut
1046 743 1099 784 de
1133 746 1280 783 cetero
1321 743 1443 795 ...(·>
1496 741 1707 782 Preterea
1741 739 1887 781 adhue

265 814 411 856 multa
451 816 648 869 dampna
690 814 736 855 in
780 814 891 856 locis
934 812 1149 856 subiectis
1183 811 1367 854 Venetis
1399 811 1662 861 inferentur,
1707 809 1796 852 nisi
1829 809 1887 850 ad
1929 828 1937 834 ·

266 886 571 927 reverenciam
613 884 783 927 domini
823 884 970 926 nostri
1003 883 1167 925 summi
1198 881 1427 937 pontificis
1459 881 1662 923 totaliter
1695 881 1888 923 offerant

267 968 315 998 se
355 959 554 1009 paratos.
626 955 860 1011 Supplico,
904 955 1147 997 reverende
1188 959 1339 1008 pater,
1384 956 1434 994 ut
1476 966 1547 993 me
1587 954 1784 993 vestrum
1818 964 1887 992 re-

269 1028 630 1069 commendatum
678 1027 845 1068 habere
889 1025 1050 1067 velitis.
1135 1025 1238 1066 Dat.
1284 1025 1330 1065 in
1370 1026 1520 1066 castro
1554 1023 1783 1064 Marcamo
1818 1022 1888 1063 die

266 1097 407 1138 XXV.
431 1097 599 1140 mensis
633 1097 920 1152 Septembris.

408 1169 523 1210 Item
571 1168 797 1223 supplico,
853 1167 921 1209 uti
978 1167 1152 1209 civitati
1202 1165 1410 1208 Ferrarie
1452 1164 1633 1206 faciatis
1678 1164 1731 1205 de
1772 1164 1891 1204 bona

270 1239 475 1281 custodia
507 1239 748 1294 provideri,
780 1239 847 1280 ita
879 1239 998 1293 quod
1030 1238 1185 1280 taliter
1216 1237 1511 1293 provideatur
1540 1234 1737 1286 ecclesie,
1772 1233 1891 1288 quod

268 1309 370 1364 ipsa
402 1310 575 1352 nullum
609 1311 853 1364 dampnum
886 1309 1079 1351 faciente
1112 1308 1292 1350 domino
1327 1308 1381 1349 de
1414 1312 1562 1349 cetero
1596 1305 1816 1360 paciatur.

411 1381 501 1416 CRD
527 1380 630 1417 4124.

271 1537 369 1576 414.
404 1535 604 1578 Podesta
635 1536 911 1578 Lambertus
945 1535 1000 1577 (10
1030 1535 1229 1576 Ρο101113
1262 1533 1355 1574 1111(1
1389 1533 1652 1574 Kommune
1676 1530 1894 1572 Ravenna

271 1618 329 1647 an
370 1605 580 1649 Clemens
612 1607 685 1648 V.:
734 1607 994 1648 Einnahme
1045 1617 1132 1647 von
1179 1606 1432 1653 113103111ος
1479 1600 1768 1654 Zerstiirung
1815 1599 1894 1641 (105

272 1677 480 1719 Kastells
512 1678 601 1719 mit
627 1678 954 1730 Zustimmung
979 1689 1067 1719 von
1093 1677 1312 1719 Ravenna
1337 1674 1432 1716 und
1458 1673 1684 1725 Bologna.
1748 1671 1894 1723 Bitte‚

272 1748 347 1790 bei
380 1748 463 1790 der
494 1748 833 1802 Begnadigung
858 1747 1090 1801 Venedigs
1124 1746 1200 1788 (lie
1231 1744 1368 1788 Stadt
1400 1757 1482 1786 zur
1511 1741 1896 1794 Entsehiidigung

274 1818 358 1861 (ler
389 1831 476 1861 von
508 1819 587 1860 ihr
626 1820 883 1861 beraubten
916 1817 1078 1862 Stadte
1122 1817 1217 1859 und
1247 1816 1473 1858 Pralaten
1516 1813 1611 1856 und
1655 1825 1736 1855 zur
1768 1813 1895 1854 Frei-

272 1889 465 1943 la-ssung
497 1890 579 1932 der
606 1889 825 1934 Seefahrt
856 1889 939 1931 (101·
965 1888 1183 1932 Christen
1216 1900 1270 1930 zu
1296 1886 1612 1930 vera-nlassen.
1680 1884 1897 1925 Ravenna

804 1959 957 2015 (1309)
990 1959 1263 2014 September
1294 1957 1365 1999 25.

419 2042 713 2087 Sanctissimo
747 2044 869 2099 patri
902 2043 1083 2085 domino
1112 2040 1333 2084 Clementi
1365 2075 1372 2081 .
1408 2073 1415 2081 .
1453 2073 1459 2080 .
1496 2051 1671 2081 summo
1694 2035 1897 2092 pontifici

276 2115 546 2157 Lambertus
579 2116 631 2157 de
663 2116 864 2167 Polenta,
903 2117 1122 2170 potestas,
1156 2111 1393 2155 consilium
1428 2112 1471 2151 et
1504 2122 1690 2152 comune
1722 2108 1898 2150 Rauen-

279 2186 501 2240 [nat-ense]
535 2187 699 2241 pedum
732 2186 886 2228 oscula
918 2187 1156 2227 beatorum
1193 2218 1200 2224 .
1237 2217 1245 2224 .
1282 2216 1289 2223 .
1323 2181 1546 2224 Dominus
1582 2214 1589 2220 .
1625 2213 1632 2220 .
1670 2213 1678 2220 .
1713 2178 1898 2221 scisma-

277 2256 514 2310 ticoruma)
557 2258 682 2300 ducis
725 2257 955 2312 quondam
986 2255 1286 2297 Yeneciarum
1329 2256 1373 2295 et
1415 2250 1666 2294 communis
1699 2250 1899 2292 eiusdem

280 2340 429 2369 cecam
469 2328 727 2382 superbiam
767 2327 1052 2382 (leg-radam&
1093 2339 1198 2367 nam
1238 2328 1439 2367 castrum
1473 2324 1525 2364 (10
1558 2322 1790 2363 Marcamo
1824 2319 1900 2362 (1111

278 2412 359 2454 per
392 2412 466 2441 005
500 2398 697 2440 violenta
730 2398 1026 2453 occupatione
1060 2400 1370 2439 constructum
1392 2395 1439 2436 in
1462 2392 1671 2435 districtu
1702 2391 1900 2433 civitatis

278 2473 433 2512 nostre
468 2504 474 2510 .
513 2503 519 2510 .
556 2504 563 2511 .
598 2469 834 2524 laqueatos
879 2474 1035 2511 tenens
1079 2481 1161 2511 nos
1206 2470 1249 2509 et
1281 2466 1528 2508 maximam
1560 2466 1737 2519 partem
1769 2461 1901 2503 Italie

283 2575 290 2582 .
328 2574 334 2581 .
372 2575 378 2581 .
412 2554 493 2596 per
535 2540 765 2582 dominum
807 2541 1017 2583 comitem
1058 2537 1367 2589 Romandiole‚
1409 2549 1491 2578 nos
1525 2538 1569 2576 et
1601 2534 1713 2576 alios
1745 2532 1901 2574 fideles

282 2625 332 2654 ac
356 2611 676 2667 sti]2›en(liarios
710 2645 718 2651 .
755 2645 762 2652 .
798 2645 805 2652 .
839 2611 1126 2652 tradiderunt
1147 2608 1314 2665 prefati
1338 2609 1594 2649 detentores
1629 2639 1636 2646 .
1673 2639 1680 2646 .
1717 2638 1724 2645 .
1759 2605 1901 2646 Arma

282 2686 326 2725 et
365 2690 513 2725 cetera
558 2682 699 2724 multa
744 2681 890 2736 spolia
935 2681 1140 2736 deputati
1183 2683 1287 2723 sunt
1332 2678 1475 2720 eidem
1521 2675 1701 2717 domino
1748 2672 1902 2716 comiti

281 2754 517 2809 recipienti
560 2766 642 2808 pro
676 2754 833 2793 sancta
878 2751 1078 2803 ecclesia,
1114 2785 1121 2791 .
1158 2785 1165 2791 .
1203 2784 1209 2791 .
1243 2753 1418 2800 turres,
1459 2746 1578 2788 muri
1616 2759 1667 2787 ac
1709 2744 1903 2787 edifficia

284 2829 433 2867 cetera
467 2826 529 2866 «(10
574 2824 789 2865 111311(1310
834 2821 1000 2878 prefati
1044 2821 1215 2864 domini
1260 2819 1438 2862 comitis
1478 2823 1521 2859 et
1558 2816 1761 2858 unanimi
1800 2828 1902 2856 con-

284 2909 417 2939 sensu
463 2899 506 2937 et
550 2893 736 2937 consilio
780 2892 1145 2943 Bononiensium,
1190 2895 1347 2933 nostro
1395 2893 1437 2931 et
1483 2887 1672 2929 aliorum
1719 2920 1726 2927 .
1762 2920 1769 2927 .
1806 2918 1813 2925 .
1856 2884 1903 2925 in

285 2968 439 3010 eodem
485 2966 709 3009 excercitu
745 2999 752 3006 .
789 2999 796 3005 .
833 2998 839 3004 .
874 2963 1175 3006 residencium
1221 2962 1438 3003 damnata
1483 2961 1588 3003 sunt
1636 2955 1901 3000 exterminio

353 3037 405 3064 413
424 3045 452 3081 C)
478 3038 570 3071 Zwei
584 3037 726 3069 W‘orter
750 3034 880 3068 fehlen.
902 3054 945 3058 -—
963 3033 1015 3059 414
1034 3038 1063 3075 ὃ)
1089 3031 1344 3066 sismaticornm
1361 3030 1482 3073 Kopie.
1526 3028 1613 3062 Hier
1636 3026 1725 3061 xiele
1751 3025 1901 3059 Lucken.
