2296 3512
879 282 1197 322 -711—

229 416 394 464 tamen,
439 411 515 467 qui
547 411 668 465 regis
700 409 878 465 pacifici
919 409 1038 452 vices
1082 409 1294 464 gerimus,
1338 411 1602 450 cunctorum
1633 406 1846 458 fidelium,

232 496 421 540 quornm
463 481 592 523 nobis
626 483 693 523 est
726 493 834 522 cura
867 479 1074 531 comissa,
1108 479 1302 522 salutem
1335 478 1694 521 desiderabiliter
1718 476 1847 519 affec-

229 555 377 596 tantes
426 551 786 605 constitutosque
838 550 885 591 in
916 550 1039 591 invio
1095 550 1151 590 ad
1203 549 1323 591 viam
1375 550 1587 591 reducere
1627 548 1847 599 veritatis,

229 624 427 666 finaliter
468 623 522 664 de
563 622 768 677 ipsorum
800 620 996 662 fratrum
1030 619 1217 663 consilio
1251 620 1307 661 ad
1339 620 1419 661 hec
1451 618 1848 662 condescendimus

231 694 437 749 dicteque
465 692 690 735 oblacioni
721 691 877 733 taliter
908 691 1238 746 respondimus,
1272 690 1492 742 videlicet,
1526 691 1645 745 quod
1676 688 1849 744 ingenti

231 764 451 807 desiderio
497 765 774 819 optaremus,
821 762 940 817 quod
987 762 1106 803 idem
1138 761 1402 803 Fredericus
1434 760 1605 803 racioni
1637 760 1848 802 obediens

230 836 341 887 vias,
376 847 489 890 quas
523 836 717 890 ceperat,
750 833 797 874 in
820 832 1065 888 tranquille
1088 831 1356 874 consistorio
1378 831 1684 873 introduceret
1706 830 1849 872 racio-

231 906 302 949 nis
336 918 580 960 earumque
613 904 853 960 diligenter
886 903 1182 945 consideratis
1214 901 1426 958 periculis
1459 901 1504 943 in
1536 901 1653 943 viam
1689 900 1849 943 salutis

231 979 274 1019 et
305 976 432 1032 pacis
465 977 747 1018 converteret
778 975 914 1030 pedes
948 987 1068 1025 snos,
1113 973 1356 1016 deserendo
1390 974 1610 1027 occupata
1641 971 1687 1013 in
1720 970 1850 1013 Cala-

230 1047 330 1089 bria
363 1060 504 1102 eaque
537 1046 656 1088 dicto
689 1045 786 1100 regi
809 1044 960 1088 Sicilie
985 1044 1264 1087 restituendo
1289 1042 1584 1085 effectualiter
1607 1044 1650 1083 et
1671 1044 1850 1097 gentem

230 1131 359 1160 suam
402 1119 455 1159 de
495 1117 704 1172 partibus
746 1116 837 1158 illis
877 1116 934 1157 ad
970 1114 1167 1158 insulam
1200 1113 1350 1157 Sicilie
1381 1113 1567 1156 realiter
1598 1112 1849 1154 revocando

231 1202 566 1244 congruamque
610 1202 747 1244 super
787 1187 1022 1243 premissis
1065 1186 1249 1230 offerret
1289 1187 1535 1229 emendam.
1599 1185 1692 1227 Nos
1734 1183 1851 1225 enim

231 1261 286 1302 ad
320 1259 548 1315 prefatum
582 1259 861 1301 Fridericum
895 1259 959 1301 sic
983 1259 1117 1301 corde
1141 1257 1385 1300 contritum
1409 1259 1452 1299 et
1473 1255 1760 1298 humiliatum
1788 1255 1852 1296 sic

229 1330 547 1373 habundanter
585 1331 839 1386 aperiemus
872 1330 1048 1372 viscera
1081 1329 1301 1381 caritatis,
1335 1328 1399 1370 sic
1430 1327 1516 1383 pie,
1550 1327 1615 1369 sic
1644 1326 1850 1380 benigne,

230 1401 296 1444 sic
343 1402 586 1444 clementer
633 1402 691 1443 ad
737 1401 886 1457 ipsum
934 1413 1016 1443 nos
1066 1413 1326 1442 curaremus
1374 1399 1553 1451 habere,
1596 1397 1716 1453 quod
1756 1396 1851 1438 Deo

230 1472 499 1515 haberemus
533 1486 670 1528 super
701 1473 786 1514 hoc
818 1473 871 1514 de
902 1464 1216 1514 misericordia
1247 1484 1383 1526 quam
1406 1470 1557 1525 rigore
1578 1468 1737 1524 pocius
1760 1480 1852 1509 res-

229 1544 441 1598 pondere,
474 1544 662 1599 ipseque
683 1543 939 1586 Fridericus
971 1545 1127 1598 posset
1160 1545 1203 1584 et
1236 1542 1419 1583 deberet
1441 1541 1494 1582 de
1516 1539 1638 1582 facta
1664 1554 1745 1595 per
1770 1553 1852 1583 nos

231 1614 375 1656 eidem
408 1615 565 1670 gracia
597 1615 759 1657 merito
793 1614 1048 1656 contentari
1081 1648 1089 1655 .
1126 1647 1134 1655 .
1171 1647 1179 1655 .

371 1686 546 1728 Rursus
587 1688 810 1741 proponet
850 1686 970 1727 idem
1002 1684 1213 1737 nuncius,
1256 1683 1377 1740 quod
1409 1682 1560 1725 nuncii
1593 1682 1701 1724 dicti
1732 1682 1853 1737 regis

233 1755 383 1798 Sicilie
440 1759 646 1812 petentes
705 1756 930 1799 instanter
979 1756 1130 1798 audiri
1176 1755 1222 1796 in
1270 1754 1395 1807 curia
1448 1756 1554 1796 sunt
1604 1756 1852 1809 presentes,

232 1827 408 1882 quibus,
441 1827 480 1869 si
513 1840 649 1884 super
688 1827 922 1869 invasione
956 1830 998 1869 et
1031 1825 1330 1882 occupacione
1361 1824 1578 1881 predictis
1611 1824 1852 1880 quicquam

231 1910 483 1953 proponere
521 1898 761 1951 voluerint,
800 1897 1081 1940 audienciam
1115 1911 1203 1939 non
1236 1896 1486 1952 poterimus
1519 1896 1742 1950 denegare
1772 1907 1854 1936 nec

233 1968 328 2010 sine
360 1968 444 2010 Dei
491 1968 674 2021 offensa,
723 1971 880 2011 nostro
929 1971 972 2010 et
1021 1967 1206 2010 ecclesie
1255 1980 1306 2009 ac
1352 1967 1496 2022 ipsius
1541 1966 1661 2021 regis
1703 1964 1853 2007 Sicilie

232 2038 482 2095 preiudicio
525 2040 717 2081 multum
763 2039 943 2081 differre
987 2052 1124 2094 super
1168 2038 1256 2081 hiis
1302 2037 1531 2079 iusticiam
1577 2036 1851 2079 ministrare.

375 2109 425 2143 Zu
449 2109 515 2142 den
541 2109 626 2143 letzt
649 2110 839 2154 gesandten
863 2108 1103 2153 Vorschlagen
1128 2109 1264 2143 'ausselt
1287 2108 1362 2142 sich
1388 2108 1450 2141 der
1474 2107 1596 2151 Papst:

375 2179 715 2223 Deliberacione
750 2215 758 2222 .
794 2215 801 2222 .
838 2215 846 2222 .
881 2195 1018 2236 super
1050 2180 1284 2236 premissis
1317 2179 1474 2222 habita
1503 2193 1604 2222 cum
1625 2178 1854 2222 nonnullis

234 2250 541 2293 cardinalibus
574 2251 703 2294 nobis
738 2255 780 2294 et
812 2252 926 2307 ipsis
959 2252 1108 2307 prima
1139 2251 1254 2293 facie
1288 2250 1433 2293 visum
1465 2249 1572 2303 fuit,
1607 2250 1729 2304 qnod
1761 2263 1854 2292 res-

233 2321 394 2377 ponsio
439 2334 576 2376 super
617 2323 839 2365 contentis
882 2323 928 2364 in
971 2322 1207 2378 premissis
1250 2322 1405 2364 littera
1449 2324 1493 2363 et
1537 2320 1771 2363 credencia
1808 2320 1854 2361 in

235 2391 417 2447 scriptis
450 2392 663 2444 exhibita,
695 2393 935 2448 presertim
959 2407 1059 2435 cum
1084 2407 1135 2435 ea
1158 2393 1328 2435 dictum
1350 2391 1500 2435 Sicilie
1521 2405 1674 2447 regem
1697 2391 1854 2433 intime

233 2466 482 2505 noscantur
513 2466 713 2518 tangere,
738 2477 787 2506 eo
810 2464 952 2507 inscio
976 2478 1027 2506 ac
1053 2464 1149 2507 sine
1171 2464 1372 2506 maxima
1399 2462 1726 2505 deliberacione
1754 2475 1853 2503 cum

234 2536 391 2576 nostro
437 2533 626 2588 collegio
670 2533 769 2575 fieri
813 2534 1153 2577 racionabiliter
1197 2548 1286 2577 non
1324 2534 1518 2576 valebat.
1582 2534 1674 2575 Nec
1705 2533 1853 2575 minus

236 2604 574 2647 considerantes
608 2605 843 2657 attencius,
879 2606 1011 2660 quod,
1047 2608 1290 2661 antequam
1316 2605 1592 2647 haberentur
1617 2603 1852 2659 premissa,

234 2674 498 2731 prolixioris
531 2675 668 2717 fluere
703 2675 927 2717 curricula
957 2675 1176 2731 temporis
1207 2676 1460 2731 oportebat.
1475 2675 1511 2729 ⁷)

377 2747 469 2787 Nec
512 2745 739 2787 ommittet
770 2745 916 2787 dictus
948 2746 1138 2789 nuncius
1170 2746 1267 2801 regi
1300 2747 1563 2801 Aragonum
1603 2744 1853 2800 exprimere

235 2820 501 2867 memorato,
546 2816 745 2871 qualiter
788 2816 917 2858 nobis
961 2816 1138 2871 ipsique
1182 2817 1279 2872 regi
1320 2818 1588 2871 Aragonum
1633 2818 1676 2857 et
1724 2815 1854 2870 quasi

237 2886 509 2931 Christianis
551 2887 759 2930 omnibus
798 2890 954 2928 notum
988 2886 1166 2939 existat,
1199 2887 1322 2942 quod
1354 2885 1617 2928 Fredericus
1648 2885 1853 2941 prefatus

378 3004 405 3048 ⁷)
430 3005 502 3038 Der
539 3004 667 3038 kranke
705 3003 812 3047 Papst
843 3003 956 3037 weilte
982 3003 1113 3038 damals
1138 3004 1217 3038 fem
1243 3015 1312 3038 von
1337 3004 1497 3047 Avignon
1522 3002 1558 3036 in
1583 3003 1761 3038 Monteux,
1788 3012 1854 3035 nur

236 3074 302 3097 von
330 3064 466 3109 einigen
491 3063 702 3098 Kardinalen
727 3062 898 3107 begleitet.
1410 3070 1413 3072 ’
