2296 3512
889 273 942 278 --
1007 251 1089 291 747
1154 274 1207 279 —

242 378 461 429 videlicet,
481 379 601 432 quod
617 377 769 419 nuncii
785 377 906 432 regis
924 378 1166 420 Tartarum
1176 380 1211 434 a)
1237 382 1279 421 et
1301 380 1421 435 regis
1438 380 1623 422 Irminie
1647 380 1857 436 sollemp-

241 463 319 491 nes
353 450 508 490 euntes
541 448 598 489 ad
631 447 862 489 dominum
894 461 1062 503 papam
1098 463 1148 490 ex
1183 452 1312 504 parte
1347 452 1589 493 eorundem
1621 464 1703 506 per
1732 452 1857 493 Mon-

241 518 625 574 tempessulanum
663 519 945 561 transierunt
992 522 1035 561 et
1081 519 1145 561 ibi
1198 534 1297 562 011111
1352 523 1505 564 eodem
1540 522 1857 564 archidiacono

243 590 543 633 comederunt.
614 588 702 641 Qui
745 590 887 632 eidem
929 590 1246 633 archidiacono
1290 594 1497 647 quedam,
1536 596 1724 648 propter
1774 607 1859 648 que

242 663 412 703 vadunt
454 661 510 703 ad
551 660 782 703 domiuum
815 674 996 716 papam,
1031 676 1116 716 (1110
1148 661 1279 703 valde
1312 663 1581 706 miraculose
1613 664 1736 706 facta
1766 663 1860 705 fue-

242 735 359 785 runt,
404 734 720 785 narraverunt,
768 732 973 773 videlicet
1017 733 1136 787 quod
1189 747 1267 774 rex
1319 733 1559 775 Tartarum
1608 735 1860 777 antedictus
1917 786 1925 791 -

242 804 378 846 habet
401 802 508 845 dicti
531 802 651 858 regis
673 802 857 844 Irminie
880 803 1021 845 filiam
1044 804 1090 845 in
1118 817 1319 856 uxorem,
1354 818 1380 846 a
1413 819 1502 860 qua
1529 819 1617 847 non
1641 806 1863 847 habuerat

243 875 388 916 adhuc
434 874 622 929 prolem,
672 875 724 915 de
773 887 860 929 quo
908 874 1027 916 idem
1071 888 1149 916 rex
1189 875 1429 917 Tartarum
1470 879 1567 917 erat
1605 877 1863 918 miraliliter

243 946 503 1001 agravatus.
568 943 705 987 Cuius
747 958 862 987 uxor
902 945 1107 1000 predicta
1149 946 1263 988 dixit
1306 946 1448 988 eidem
1489 947 1601 1002 regi,
1647 948 1779 1003 quod,
1825 947 1863 989 si

245 1016 377 1058 vellet
414 1015 588 1071 prolem
629 1015 828 1071 aliquam
867 1030 1098 1070 generare,
1134 1016 1387 1059 c‹*›nfidebat
1419 1017 1465 1059 in
1498 1018 1694 1071 domino,
1730 1019 1862 1074 quod,

243 1088 281 1129 si
312 1087 431 1129 irent
465 1088 520 1129 ad
554 1087 734 1129 beatam
758 1087 951 1129 Mariam
975 1088 1028 1129 de
1051 1088 1326 1140 Nazarenoss)
1360 1089 1507 1141 simul,
1542 1089 1605 1131 ibi
1630 1103 1713 1144 pro
1742 1092 1863 1131 certo

242 1158 417 1214 prolem
445 1160 488 1199 et
520 1157 616 1201 sine
650 1158 785 1200 dubio
818 1162 1093 1214 procrearet.
1158 1157 1269 1202 Cum
1304 1162 1455 1202 autem
1487 1160 1585 1216 ipse
1606 1160 1864 1202 incredulus

243 1230 385 1272 multo
428 1232 631 1285 tempore
664 1231 748 1272 1100
779 1230 927 1273 facere
968 1234 1238 1284 recusasset,
1281 1232 1337 1273 ad
1369 1245 1583 1287 magnam
1615 1234 1766 1273 tamen
1799 1231 1865 1272 in-

244 1300 466 1344 stanciam
505 1301 661 1343 uxoris
700 1315 779 1344 sue
816 1302 1030 1357 predicte,
1071 1316 1156 1357 que
1194 1302 1386 1344 multum
1426 1303 1657 1345 institerat
1688 1303 1734 1345 111
1765 1316 1866 1358 pre-

244 1372 390 1424 dictis,
423 1371 507 1414 ivit
539 1373 596 1414 ad
627 1372 775 1414 10011111
809 1373 1060 1428 1)10(110111111
1095 1388 1196 1415 011111
1224 1375 1379 1416 eadem
1404 1376 1447 1416 et
1468 1374 1635 1417 ibidem
1663 1373 1868 1429 concepit

245 1443 494 1486 certissime
516 1443 618 1499 ipsa
642 1457 769 1485 uxor.
835 1442 947 1486 Cum
974 1458 1081 1487 vero
1116 1446 1173 1487 ad
1205 1448 1376 1487 terram
1408 1459 1537 1488 suam
1570 1458 1754 1487 reversa
1785 1458 1866 1487 suo

245 1518 445 1570 tempore
468 1514 733 1570 peperisset,
757 1515 916 1557 habuit
937 1519 1120 1571 partum
1143 1516 1315 1558 scilicet
1336 1517 1624 1559 mediocriter
1640 1516 1867 1558 1101111110111

247 1588 290 1627 01
307 1584 502 1627 formam
525 1586 813 1628 mediocriter
835 1587 1057 1629 animalis.
1111 1587 1250 1642 Rex-¹2)
1271 1590 1421 1630 autem
1444 1588 1673 1644 predictus
1699 1590 1740 1630 et
1762 1601 1868 1643 gen-

245 1660 313 1699 tes
332 1670 423 1709 sue,
446 1657 524 1711 qui
542 1657 594 1698 de
615 1660 840 1713 pregnatu
864 1658 1041 1713 guavisi
1063 1658 1243 1701 fuerant
1265 1659 1387 1701 ultra
1409 1660 1606 1712 modum,
1631 1660 1685 1701 de
1713 1660 1867 1701 eodem

246 1731 382 1783 partu
422 1727 604 1770 fuerunt
644 1729 916 1771 mirabiliter
947 1730 1193 1785 perterriti,
1237 1732 1576 1784 concordanteS,
1616 1731 1734 1786 quod
1767 1730 1870 1785 ipsa

246 1799 405 1854 regina
421 1799 567 1841 modis
592 1800 800 1843 omnibus
821 1803 1088 1853 moreretur,
1115 1801 1273 1857 regina
1291 1805 1456 1855 autem,
1474 1816 1559 1858 que
1588 1801 1867 1844 christianis-

249 1869 364 1912 sima
388 1872 498 1923 erat,
525 1870 654 1913 valde
682 1871 908 1913 confidens
934 1872 980 1913 in
1005 1872 1185 1914 domino
1208 1872 1349 1915 Jhesu
1373 1871 1554 1916 Christo
1579 1872 1870 1915 devotissime

249 1940 504 1996 suplicavit,
545 1944 596 1983 ut
637 1955 716 1983 rex
759 1942 928 1984 dictum
967 1946 1150 1999 partum
1184 1943 1354 1985 faceret
1386 1944 1625 1999 baptizari,
1660 1946 1704 1986 et
1736 1944 1868 1999 quod,

249 2011 336 2053 nisi
382 2012 428 2053 in
477 2012 596 2054 dicto
643 2014 779 2068 partu
832 2016 937 2069 post
989 2014 1267 2070 baptismum
1319 2015 1549 2057 videretur
1600 2015 1870 2057 miraculose

250 2082 478 2125 dominum
519 2097 746 2139 operasse,
781 2085 834 2126 de
868 2098 920 2127 ea
950 2085 1079 2127 fieret
1110 2086 1305 2138 iusticia,
1340 2089 1389 2128 ut
1422 2087 1618 2139 deberet,
1655 2100 1754 2128 cum
1786 2086 1870 2128 hoc

250 2155 479 2196 videretur
511 2157 669 2197 contra
694 2158 905 2198 naturam
931 2157 1134 2199 totaliter
1162 2157 1372 2200 adfuisse.
1438 2157 1549 2200 Cum
1584 2160 1733 2200 autem
1760 2158 1870 2213 bap-

251 2225 416 2267 tizatus
461 2224 547 2267 fuit
592 2226 738 2268 dictus
783 2229 958 2282 partus,
1003 2228 1301 2271 incontinenti
1345 2229 1551 2271 totaliter
1593 2228 1679 2270 fuit
1722 2228 1868 2269 homo.

250 2297 317 2337 Ex
360 2310 448 2351 (1110
486 2310 566 2338 rex
598 2298 828 2352 predictus
862 2301 906 2340 et
947 2302 1103 2354 gentes
1137 2299 1320 2342 fuerunt
1351 2299 1624 2341 mirabiliter
1657 2299 1873 2341 admirati

252 2370 295 2408 et
336 2369 429 2409 tam
471 2367 568 2422 ipse
603 2381 737 2422 quani
769 2368 923 2423 plures
962 2371 1015 2411 de
1048 2371 1260 2425 gentibus
1293 2371 1387 2413 suis
1420 2373 1526 2413 sunt
1557 2371 1602 2413 in
1636 2369 1871 2426 proposito

251 2438 527 2493 baptizandi.
590 2439 648 2480 Et
690 2439 808 2481 dicto
851 2440 1031 2483 domino
1072 2454 1190 2496 pape
1231 2442 1316 2484 hoc
1363 2443 1526 2484 debent
1574 2441 1681 2484 dicti
1722 2440 1872 2483 nuncii

252 2509 479 2551 nunciare.
542 2510 600 2550 Et
645 2510 852 2564 amplius,
900 2513 1019 2566 quod
1053 2512 1198 2555 dictus
1243 2527 1322 2554 rex
1368 2516 1435 2555 est
1473 2516 1662 2568 paratus
1696 2511 1873 2554 auferre

253 2580 560 2634 Sarascenisa)
584 2581 730 2622 10011111
759 2585 965 2624 sanctuni
987 2583 1273 2627 ,Jherusalffln
1307 2586 1350 2626 et-
1382 2585 1562 2626 tradere
1586 2583 1872 2634 Christianis,

255 2652 292 2694 si
325 2652 387 2694 ibi
421 2651 669 2694 Christiani
715 2651 896 2705 fuerint,
943 2653 1020 2708 qui
1057 2655 1280 2710 recipiant
1322 2661 1365 2697 et
1402 2655 1667 2711 possideant
1705 2655 1870 2696 dictam

254 2726 437 2775 terram,
462 2723 732 2777 requirendo
758 2723 986 2765 (1011111111111
1011 2738 1178 2780 papam
1203 2730 1245 2768 et
1271 2727 1490 2781 rogando,
1514 2729 1563 2768 ut
1589 2725 1872 2768 Christianos

254 2795 310 2836 ad
337 2797 505 2836 terram
540 2794 791 2849 predictam
814 2794 982 2847 mittat,
1016 2799 1066 2837 ut
1096 2797 1244 2851 possit
1276 2797 1485 2839 fidelibus
1518 2796 1742 2852 populari,
1768 2796 1867 2852 quia

254 2866 352 2921 ipse
385 2879 465 2907 rex
492 2865 659 2907 dictam
693 2867 862 2906 terram
895 2866 988 2907 suis
1024 2868 1231 2922 expensis
1264 2869 1465 2924 propriis
1499 2867 1737 2923 adquirere
1770 2880 1872 2922 pro-

255 2937 444 2979 curabit.
509 2936 611 2978 Dat.
649 2937 767 2992 apud
800 2936 1104 2979 Bellicadrum
1128 2939 1182 2980 11.
1216 2952 1359 2982 nonas
1391 2939 1601 2994 Augusti.

395 3044 425 3088 a)
451 3042 494 3077 So
521 3042 578 3076 Or.
648 3043 678 3087 b)
704 3041 794 3078 Cum
819 3044 936 3077 autem
960 3053 1034 3079 rex.
