2296 3512
1119 266 1436 307 —658-

465 394 517 436 In
549 393 677 435 brevi
708 396 859 435 autem
891 393 1140 436 scribemus
1174 393 1354 435 domino
1380 396 1537 435 nostro
1566 397 1609 435 et
1631 394 1759 437 vobis
1781 394 1926 436 lacius
1951 407 2088 450 super

465 465 633 507 multis.
696 465 800 506 Dat.
833 464 1035 506 Bononie
1069 464 1140 507 die
1170 464 1357 506 XXVII.
1392 464 1560 506 mensis
1594 462 1885 519 Septembris.

607 534 696 569 CRD
722 533 824 569 4124.

465 667 563 706 417.
597 664 983 718 Korrespondenz
1026 675 1185 717 wegen
1228 664 1308 706 des
1351 675 1456 706 vom
1501 661 1676 705 Grafen
1717 675 1805 706 von
1836 663 2088 717 Ampurias

537 746 972 789 weggenommenen
1004 734 1200 778 Schiffes
1233 734 1316 776 der
1347 734 1646 777 Venezianer.
1709 734 2013 776 1309—1312.

604 817 729 860 Jayme
754 816 800 850 11.
833 816 922 861 zeigt
952 816 1114 852 Clemens
1139 816 1180 850 V.
1210 816 1384 859 Empfang
1417 815 1479 849 der
1511 815 1731 859 papstlichen
1758 815 1856 850 Buile
1888 826 2000 860 gegen
2032 815 2086 849 die

465 875 683 909 Venezianer
713 886 757 909 an
782 876 876 919 (vom
900 875 933 912 9.
960 875 1055 909 M'arz
1083 874 1183 910 1309.
1235 873 1310 917 Vgl.
1338 874 1426 908 iiber
1458 874 1571 909 dieses
1601 873 1746 909 masslos
1778 874 1911 919 heftige
1936 874 2088 909 Schrift-

465 934 565 968 stiick
601 933 691 968 Eitel
722 934 755 970 S.
794 934 863 969 188
894 934 937 978 f.)
985 934 1100 968 Lehnt
1130 934 1185 967 die
1221 932 1439 968 Publikation
1469 933 1527 967 ab:
1567 933 1647 977 quia
1677 933 1833 967 nonnulli
1859 934 1901 967 de
1932 933 2088 978 partibus

464 995 582 1027 nostre
608 993 750 1027 dicionis
776 993 939 1028 subiectis
964 1004 1044 1027 cum
1069 992 1225 1036 pluribus
1251 991 1355 1026 rebus
1381 994 1417 1026 et
1441 991 1616 1026 mercibus
1641 992 1712 1026 suis
1737 992 1773 1026 in
1797 992 1953 1036 partibus
1970 992 2087 1026 Vene—

465 1052 597 1086 ciarum
623 1052 792 1095 existunt3
818 1052 972 1096 dagegen
997 1052 1093 1086 finde
1115 1062 1197 1086 man
1222 1062 1362 1095 paucos,
1388 1051 1493 1085 immo
1520 1051 1610 1085 forte
1635 1050 1746 1085 nullos
1772 1062 1817 1085 ex
1840 1051 1924 1095 ipsis
1942 1051 2088 1086 Venetis

465 1121 527 1146 seu
559 1122 680 1145 eorum
713 1111 809 1145 bonis
837 1111 874 1145 in
905 1111 1060 1155 partibus
1092 1110 1228 1145 nostris.
1278 1111 1326 1144 Er
1350 1109 1421 1143 will
1459 1110 1554 1144 seine
1578 1110 1799 1145 Untertanen
1837 1121 1906 1144 von
1930 1110 2090 1155 Venedig

465 1170 711 1205 zuriickrufen.
754 1170 844 1205 1309
869 1169 939 1204 Juli
967 1171 1020 1204 14.
1040 1190 1084 1194 —
1103 1170 1158 1204 Im
1182 1170 1213 1203 J.
1242 1168 1334 1204 1310
1359 1169 1466 1202 nahm
1493 1169 1578 1203 Grai
1602 1169 1747 1203 Pontius
1772 1169 1929 1214 Hugonis
1956 1170 2087 1213 Empu-

465 1229 595 1263 riarum
619 1229 683 1262 mit
707 1228 921 1274 koniglicher
946 1228 1099 1263 Flottille
1125 1228 1179 1262 ein
1206 1228 1322 1263 Schjff
1348 1228 1444 1262 eines
1469 1228 1713 1262 Venezianers.
1758 1228 1831 1262 Der
1846 1228 1944 1272 Doge
1961 1228 2088 1263 Petrus

465 1288 657 1322 Gradenico
677 1288 815 1322 wandte
841 1288 915 1322 sich
941 1287 1322 1322 beschwerdefiihrend
1349 1298 1392 1321 an
1417 1287 1542 1331 Jayme
1561 1287 1605 1321 11.
1647 1288 1773 1331 Jayme
1799 1289 2004 1321 antwortete
2030 1297 2088 1321 am

466 1346 520 1383 16.
546 1346 747 1381 November
773 1346 879 1382 1310:
905 1347 977 1381 Der
1002 1346 1087 1380 Graf
1111 1346 1200 1381 habe
1226 1346 1311 1380 zwei
1329 1347 1471 1380 Gri'mde
1488 1345 1700 1390 angegeben,
1729 1347 1762 1389 1)
1786 1345 1866 1380 weil
1891 1346 1951 1380 das
1973 1346 2090 1381 Sohifl

465 1405 598 1439 Waren
628 1406 783 1449 gefuhrt,
809 1405 864 1439 die
889 1416 958 1440 von
983 1405 1217 1439 Alexandrien
1242 1405 1329 1439 nach
1355 1404 1487 1440 Candia
1510 1405 1688 1449 gebracht,
1722 1405 1800 1439 dort
1823 1404 1987 1439 verladen
2016 1405 2089 1439 und

464 1464 554 1498 nach
580 1464 659 1498 dem
684 1464 827 1499 Norden
851 1464 1018 1509 gebracht
1035 1465 1176 1498 werden
1202 1463 1344 1507 sossten3
1370 1463 1406 1508 2)
1434 1464 1571 1498 racione
1595 1474 1822 1508 processuum
1851 1463 2001 1498 latorum
2025 1474 2090 1508 per

465 1523 556 1560 dom.
588 1534 711 1567 papam
743 1525 863 1557 contra
893 1523 1046 1557 Venetos
1077 1523 1214 1557 racione
1251 1523 1400 1557 civitatis
1433 1523 1676 1557 Ferrariensis.
1725 1523 1757 1557 J.
1791 1522 1860 1557 will
1893 1523 1947 1556 (116
1979 1523 2088 1557 Sache

464 1593 528 1616 vor
553 1582 607 1616 die
633 1581 779 1616 celebris
805 1582 900 1616 curia
924 1582 1082 1626 bringen.
1124 1582 1220 1626 (Reg.
1247 1581 1317 1617 238
1342 1582 1369 1618 f.
1389 1582 1483 1625 214).
1525 1582 1624 1616 Doch
1649 1581 1799 1616 befiehlt
1824 1592 1862 1615 er
1886 1592 1943 1615 am
1968 1581 2089 1616 selben

464 1641 552 1685 Tage
577 1641 655 1675 dem
682 1640 851 1675 Geraldus
875 1641 917 1675 de
943 1640 1095 1675 Olivaria
1124 1641 1166 1674 de
1192 1641 1292 1674 domo
1324 1642 1443 1675 nostra
1466 1641 1678 1675 Restitution
1711 1641 1772 1675 des
1804 1640 1968 1677 SohiffeS.
2016 1640 2090 1675 Der

464 1699 595 1734 Inhalt:
628 1700 768 1744 tapices,
801 1699 880 1733 bote
912 1700 983 1733 vini
1015 1701 1050 1733 et
1080 1710 1178 1744 aque,
1211 1701 1395 1743 apparatus
1421 1699 1567 1743 coquine
1592 1710 1677 1734 usw.
1703 1710 1776 1733 war
1807 1699 1985 1742 verkauft3
2018 1698 2089 1734 500

465 1758 526 1793 sol.
551 1758 678 1793 Barch.
717 1757 825 1792 3011611
856 1759 936 1792 (16111
961 1758 1218 1802 Schjffspatron
1245 1769 1307 1792 zur
1332 1758 1527 1792 Heimreise
1553 1757 1725 1802 vorlaufig
1749 1758 1902 1802 gegeben
1935 1758 2087 1794 werden.

465 1818 562 1862 (Reg.
588 1817 653 1851 271
688 1817 713 1851 f.
739 1817 832 1862 217).
881 1818 1053 1852 Erneutes
1082 1817 1247 1861 Drangen
1286 1817 1347 1852 des
1376 1817 1501 1862 Dogen
1538 1817 1609 1851 und
1640 1817 1787 1852 Hinhalt
1810 1818 1952 1862 Jaymes
1986 1817 2085 1862 (Reg.

464 1876 533 1911 239
558 1877 584 1910 f.
610 1876 642 1913 8.
669 1876 863 1910 Dezember
887 1876 958 1920 22.)

606 1935 677 1969 Der
706 1936 813 1979 Papst
847 1935 967 1970 erliess
1005 1936 1061 1969 ein
1091 1934 1405 1970 Schutzschreiben
1438 1935 1498 1969 fiir
1529 1935 1597 1969 den
1627 1935 1758 1969 Grafen
1795 1945 1864 1968 von
1897 1935 2086 1979 Ampurias

465 2005 509 2028 an
546 1995 613 2028 den
643 1994 849 2029 Erzbischof
887 2005 954 2028 von
985 1995 1179 2039 Tarragona
1217 1995 1288 2029 und
1324 1995 1392 2028 den
1422 1994 1566 2028 Bischof
1596 2004 1665 2028 von
1696 1993 1872 2028 Valencia.
1922 1994 2088 2038 Dagegen

465 2054 604 2087 wendet
639 2054 713 2088 sich
748 2054 860 2098 heftig
895 2054 1029 2097 Jayme,
1067 2053 1185 2087 indem
1210 2064 1249 2087 er
1286 2053 1346 2088 das
1383 2052 1572 2088 Schreiben
1610 2052 1830 2087 erschliehen
1867 2057 1986 2097 nennt,
2031 2064 2088 2088 am

465 2112 521 2148 27.
547 2114 683 2156 August
709 2113 796 2147 1311
824 2113 922 2157 (Reg.
948 2111 1017 2146 239
1042 2113 1067 2146 f.
1095 2111 1216 2157 128)v:

467 2182 637 2227 Contra
666 2197 839 2239 pacem,
878 2197 1013 2240 quam
1045 2197 1127 2227 nos
1169 2187 1213 2226 et
1246 2186 1554 2226 antecessores
1590 2184 1737 2226 nostri
1769 2197 1872 2226 cum
1908 2183 2087 2227 comuni

465 2254 763 2298 Veneciarum
794 2255 1034 2298 habuimus
1073 2257 1117 2297 et
1153 2255 1386 2307 habemus,
1434 2254 1560 2297 nulla
1599 2255 1720 2296 inter
1756 2268 1840 2297 nos
1884 2257 1928 2296 et
1959 2254 2086 2310 ipsos

465 2324 662 2368 Venetos
695 2325 913 2368 existente
953 2339 1120 2380 guerra
1151 2325 1223 2368 vel
1254 2324 1565 2368 diffidamento
1605 2325 1758 2381 aliquo
1799 2326 2085 2381 procedente,

465 2409 628 2438 navem
673 2399 716 2438 et
755 2409 828 2439 res
874 2396 1079 2452 ipsorum
1119 2395 1396 2438 Venetorum
1443 2396 1642 2438 indebite
1689 2396 1940 2451 occupavit.
2003 2396 2087 2438 Est

468 2467 585 2509 enim
626 2470 798 2508 certum
838 2480 920 2508 nec
961 2470 1114 2522 potest
1153 2467 1306 2522 aliqua
1342 2467 1725 2522 tergiversacione
1764 2466 1917 2519 celari,
1965 2467 2086 2522 quod

466 2550 549 2579 nos
583 2539 626 2579 et
656 2538 997 2593 predecessores
1028 2537 1176 2580 nostri
1201 2551 1381 2592 semper
1411 2550 1569 2593 pacem
1601 2537 1841 2580 habuimus
1875 2540 1918 2579 et
1949 2537 2084 2579 habe-

466 2621 567 2650 mus
601 2622 700 2650 cum
735 2608 1055 2650 communitate
1076 2608 1388 2660 Veneciarum,
1422 2608 1539 2650 sicut
1570 2609 1787 2650 habemus
1811 2621 1909 2649 cum
1943 2607 2084 2650 omni-

467 2680 551 2721 bus
599 2677 891 2731 Christianis,
941 2692 1053 2733 quos
1100 2692 1188 2721 11011
1224 2678 1529 2721 diffidavimus
1575 2679 1704 2720 iuxta
1744 2692 1938 2730 morem,
1985 2711 1992 2718 .
2029 2711 2036 2718 .
2074 2712 2081 2719 .

467 2749 595 2791 iuxta
639 2763 773 2805 quem
816 2761 988 2790 morem
1034 2749 1169 2791 alicui
1213 2749 1310 2804 regi
1347 2749 1418 2791 vel
1461 2749 1657 2806 principi
1698 2763 1777 2792 seu
1817 2748 2084 2791 comunitati

468 2821 714 2876 dampnum
736 2819 902 2862 inferre
919 2833 1009 2861 non
1032 2821 1344 2862 consuevimus
1366 2834 1447 2862 nec
1468 2820 1757 2876 permisimus
1779 2833 1860 2875 per
1877 2819 2083 2862 subditos

468 2894 648 2933 nostros
690 2891 861 2947 absque
900 2889 1209 2933 diffidamento
1249 2890 1439 2933 inferri.
1466 2925 1473 2932 .
1500 2925 1508 2932 .
1561 2892 1752 2945 Propter
1783 2891 1903 2946 quod
1935 2903 2083 2933 comes

467 2962 697 3017 predictus
737 2964 780 3003 et
817 2962 933 3003 alius
980 2961 1187 3004 subditus
1231 2964 1386 3004 noster
1418 2962 1672 3017 quicunque
1719 2974 1896 3003 cessare
1930 2960 2084 3002 debuit

469 3032 524 3073 ab
556 3031 789 3074 inferendo
823 3033 1018 3088 dampno
1052 3032 1235 3074 Venetis
1268 3034 1312 3074 et
1345 3045 1498 3075 eorum
1534 3033 1668 3074 rebus
1703 3065 1710 3072 .
1737 3065 1744 3072 .
1770 3065 1778 3072 .
1824 3031 1882 3073 Et
1906 3044 2083 3087 preser-
