2296 3512
1039 267 1357 308 -940—

385 397 499 439 bone
530 395 746 438 memorie
780 395 1052 437 avunculum
1084 396 1291 436 nostrum
1325 393 1561 436 ordinatas
1596 395 1639 435 et
1662 394 1805 435 datas.
1854 391 2007 434 Etiam

385 467 548 509 debent
591 466 680 521 ipsi
723 465 854 508 nobis
898 468 1019 507 terre
1064 467 1108 506 et
1138 465 1344 507 homines
1377 464 1494 506 sicut
1525 463 1613 505 viri
1644 463 1930 516 muntbarog)
1967 464 2010 503 et

384 537 528 579 tutori
560 537 745 579 subesse
779 538 822 577 et
854 535 1036 577 obedire
1063 535 1109 577 in
1131 535 1340 578 omnibus
1364 534 1527 586 causis,
1561 533 1679 576 sicut
1699 534 1830 576 nobis
1853 546 2009 575 secun-

387 608 493 649 dum
536 610 743 649 nostrum
786 605 1065 648 intellectum
1115 605 1414 647 extimacione
1462 607 1622 647 nostra
1664 604 1922 646 hominibus
1967 605 2012 644 et

384 677 519 719 terris
563 677 792 719 videbitur
837 676 1068 732 expedire,
1115 678 1158 717 et
1197 676 1282 718 hoc
1326 678 1485 718 contra
1519 675 1776 730 quemlibet.
1839 674 1897 715 Et
1928 685 2011 715 nos

385 749 600 790 debemus
633 747 771 789 etiam
804 746 1050 802 quemlibet
1081 746 1345 802 permittere
1367 747 1413 788 in
1437 758 1518 788 suo
1541 745 1638 787 iure
1660 758 1907 787 remanere.
1954 743 2013 784 Et

386 832 522 874 super
553 818 641 860 hiis
674 817 883 859 omnibus
915 830 998 872 pro
1031 816 1291 859 testimonio
1324 816 1506 872 publico
1529 818 1786 871 presentem
1808 814 2010 856 litteram

387 890 546 932 damus
580 888 731 943 sigillo
763 890 921 930 nostro
954 887 1217 942 sigillatam.
1267 888 1370 929 Dat.
1404 887 1450 928 in
1473 886 1670 928 Monako
1700 898 1816 927 anno
1841 883 2011 927 domini

386 957 779 1002 MQCCCQXXVO.
814 958 861 1000 in
894 958 965 1000 die
998 958 1145 1000 sancti
1176 957 1342 1013 Egidii.

527 1111 619 1153 Iste
661 1113 767 1152 sunt
806 1110 1182 1166 protestaciones,
1223 1123 1336 1165 quas
1368 1108 1598 1165 principes
1632 1107 1824 1164 predicti
1858 1107 2014 1149 eadem

387 1181 457 1224 die
491 1185 534 1223 et
564 1181 609 1223 in
644 1181 801 1223 eodem
832 1181 931 1223 1000
964 1180 1184 1223 fecerunt.

527 1253 815 1295 Protestatur
853 1250 1168 1293 serenissimus
1199 1251 1409 1293 dominus
1432 1249 1687 1292 Ludovicus
1706 1249 2014 1291 Romanorum

388 1336 467 1365 rex
501 1325 544 1365 et
575 1322 768 1364 illustris
801 1322 835 1363 F
838 1321 1067 1364 redericus
1100 1322 1192 1363 dux
1225 1320 1425 1373 Austrie,
1460 1321 1581 1376 quod
1613 1322 1819 1363 sanctam
1852 1319 2015 1361 Roma-

387 1407 492 1436 nam
533 1393 769 1435 ecclesiam
808 1395 1001 1434 matrem
1035 1405 1165 1434 suam
1197 1405 1376 1447 semper
1410 1391 1619 1432 venerari
1651 1389 1812 1432 volunt
1845 1393 1888 1431 et
1921 1389 2017 1431 eius

389 1477 520 1507 sacra
550 1463 763 1506 instituta
795 1466 1054 1505 reverenter
1087 1476 1283 1505 servare.

528 1535 643 1576 Item
677 1534 797 1589 quod
821 1532 1078 1589 Stephanus
1112 1536 1155 1574 et
1186 1531 1436 1587 Elizabeth)
1463 1532 1631 1574 liberos
1654 1544 1761 1574 suos
1783 1530 2014 1586 prohibito

389 1604 798 1660 consanguinitatis
814 1605 959 1659 gradu
978 1603 1240 1646 coniunctos
1259 1603 1550 1645 matrimonio
1569 1601 1728 1644 volunt
1746 1601 2017 1656 coniungere

390 1680 433 1718 et
465 1689 607 1731 usque
640 1675 761 1717 thori
794 1674 1003 1730 copulam
1035 1674 1194 1716 volunt
1226 1674 1413 1716 sociare.

530 1747 645 1788 Item
690 1747 809 1801 quod
842 1745 1034 1801 predicti
1067 1743 1325 1801 Stephanus
1358 1758 1472 1800 puer
1502 1744 1703 1786 nondum
1736 1746 1913 1786 sextum
1948 1745 2017 1785 set

390 1817 594 1859 Elizabet
625 1830 770 1872 nuper
802 1819 1013 1859 octavum
1046 1829 1125 1858 sue
1159 1815 1294 1858 etatis
1328 1828 1470 1857 annos
1502 1814 1801 1870 perfecerunt.

530 1888 645 1929 Item
690 1888 809 1942 quod
847 1886 1042 1942 predicti
1073 1886 1352 1929 matrimonii
1385 1885 1593 1942 copulam
1626 1898 1716 1927 non
1750 1898 1803 1926 ex
1835 1884 2016 1926 temeri-

390 1961 484 2001 tate
518 1961 561 2000 et
595 1960 857 2013 contemptu
879 1960 948 2001 set
971 1958 1088 2000 bono
1111 1957 1207 2000 zelo
1229 1957 1404 1999 faciunt
1421 1957 1496 2011 (52),
1529 1959 1579 1998 ut
1602 1955 1774 1999 scilicet
1789 1955 1909 1997 inter
1927 1967 2016 2007 eos,

392 2029 468 2085 qui
501 2031 631 2071 erant
651 2028 954 2071 inimicissimi
977 2028 1082 2070 licet
1105 2027 1441 2083 consanguinei,
1475 2030 1525 2069 ut
1548 2030 1616 2069 est
1637 2026 1881 2076 notorium,
1913 2038 2018 2067 vere

393 2099 595 2142 amicicie
629 2102 672 2140 et
705 2099 873 2141 amoris
906 2098 1135 2141 vinculum
1158 2098 1244 2140 Dei
1277 2098 1418 2141 solius
1452 2097 1607 2153 gracia
1634 2097 1805 2139 factum
1828 2095 2017 2139 solidius

392 2170 695 2213 confirmetur.

532 2241 647 2283 Item
691 2244 742 2283 ut
786 2240 1150 2296 ambiguitas,et
1190 2239 1388 2295 suspicio
1428 2238 1612 2282 sinistre
1645 2237 1928 2280 credencium
1962 2238 2016 2279 de

393 2311 603 2354 cordibus
636 2311 839 2353 tollatur.

533 2383 647 2424 Item
679 2385 730 2424 ut
761 2395 852 2437 pax
882 2381 965 2423 fiat
996 2380 1144 2436 patrie
1178 2383 1221 2423 et
1252 2381 1434 2422 mundo.

534 2453 647 2495 Item
680 2456 731 2494 ut
763 2451 979 2507 gaudium
1008 2452 1237 2493 dilatetur.

534 2524 649 2565 Item
682 2526 732 2565 ut
764 2525 923 2565 sancta
953 2522 1160 2564 Romana
1193 2522 1382 2565 ecclesia
1408 2521 1512 2563 inde
1534 2521 1782 2564 honoretur
1805 2523 1848 2562 et
1870 2519 2018 2575 gloria

395 2594 489 2637 eius
521 2593 850 2636 manifestetur.

533 2665 648 2706 Item
681 2665 804 2719 quod
837 2664 1099 2706 diuturnam
1131 2676 1344 2719 guerram
1379 2665 1422 2704 et
1445 2662 1638 2717 brigam‚
1672 2675 1808 2717 quam
1831 2660 1949 2703 inter
1972 2674 2019 2703 se

395 2736 453 2777 ad
489 2735 737 2777 multorum
774 2735 1032 2777 habuerunt
1062 2734 1373 2786 incomodum,
1415 2746 1505 2775 uno
1538 2731 1703 2788 spiritu
1736 2734 1779 2773 et
1813 2744 1901 2773 una
1932 2730 2019 2773 fide

394 2806 440 2848 in
473 2806 640 2848 bonum
675 2807 953 2848 convertant.

536 2877 650 2918 Item
666 2877 786 2932 quod
800 2889 881 2931 per
895 2876 980 2918 hoc
994 2878 1038 2917 et
1051 2888 1132 2930 per
1146 2888 1325 2917 omnem
1342 2874 1480 2916 alium
1494 2873 1692 2925 modum,
1709 2872 1826 2915 sicut
1840 2874 2020 2927 oportet

397 2949 441 2989 et
473 2947 589 2989 sicut
624 2960 725 2988 vere
757 2946 1009 2998 intendunt,
1043 2959 1201 3000 pacem
1234 2948 1278 3000 et
1311 2945 1508 3000 quietem
1536 2943 1737 2985 fidelium
1763 2944 2019 2998 procurent.

526 3045 556 3083 s)
582 3040 652 3073 Das
677 3042 691 3073 t
716 3040 804 3074 iiber
828 3051 862 3074 u.
924 3039 956 3083 h)
982 3041 1049 3073 Am
1075 3038 1238 3073 Schlusse
1263 3038 1381 3072 hinter
1405 3037 1541 3072 Elisabe
1569 3037 1625 3071 ein
1651 3035 1865 3070 et-Zeiehen.
