2296 3512
1071 284 1123 289 ·—
1189 261 1272 301 934
1338 285 1390 288 —

420 399 463 421 zu
488 387 627 429 Stande,
654 387 814 428 sondern,
845 387 909 420 wie
935 387 1161 430 angedeutet,
1195 388 1266 421 erst
1303 387 1356 421 die
1389 386 1608 431 papstlichen
1640 387 1710 421 und
1747 387 2039 431 aragonesiseheu

420 446 617 480 Gesandten
658 446 757 479 1317.
822 445 896 490 Vgl.
935 444 1023 479 oben
1061 445 1094 480 S.
1122 445 1200 481 736.
1263 445 1328 480 Die
1367 445 1574 479 Geschichte
1612 445 1676 478 mit
1713 445 1824 489 Virgil
1863 445 1956 479 steht
1994 446 2042 478 im

418 504 569 548 jiingern
595 504 760 546 Donatus,
785 504 904 539 Leben
929 503 1057 548 Virgils
1085 505 1138 537 17.
1191 504 1267 548 Vgl.
1296 505 1516 546 Buchmann,
1545 503 1682 546 Gefflug.
1701 504 1826 538 Worte
1855 505 1910 547 (21
1932 503 2042 539 Ausi.)

421 562 453 596 S.
481 563 560 598 438.

422 670 520 710 605.
565 670 726 724 Jayme
742 670 809 711 ΙΙ.
832 682 890 710 an
912 670 1039 711 seine
1065 669 1239 711 baiuli:
1266 671 1382 711 iiber
1409 669 1484 710 (116
1505 668 2046 722 brunnenvergiftenden

421 740 677 794 Lepi-esem
711 740 863 781 3611611
895 741 964 782 316
997 739 1430 792 gesangennehmen
1462 739 1556 781 und
1588 740 1886 782 vernehmen.
1935 737 2045 780 1321

580 811 692 854 Juni
726 810 796 851 27.
865 798 1013 864 (uber
1045 810 1121 851 <lie
1151 810 1464 852 Pastorenen.
1518 809 1634 851 1320
1665 810 1766 853 Juli
1797 810 1889 863 20.)

565 884 677 928 Cum
710 899 792 941 pro
828 888 950 928 certo
984 885 1250 928 sciverimus
1285 900 1338 927 ex
1369 885 1668 941 inquisicione
1703 890 1745 927 et
1769 884 2049 927 confessione

425 957 728 1012 quorundam,
776 957 853 1012 qui
886 959 991 998 sunt
1025 957 1077 998 (16
1109 956 1414 1011 infrascriptis
1448 956 1642 999 conficti
1675 960 1718 998 et
1750 956 1804 998 de
1834 955 2049 997 mandato

423 1031 580 1069 nostro
604 1028 764 1082 puniti,
800 1030 843 1069 et
876 1027 1017 1069 eciam
1040 1040 1122 1082 per
1154 1027 1529 1069 certificacionem
1554 1027 1744 1068 aliorum
1768 1025 2052 1067 iuridiccioni

425 1097 770 1153 presidencium,
820 1099 940 1153 quod
990 1097 1132 1153 aliqui
1180 1098 1233 1139 de
1281 1097 1490 1152 partibus
1538 1097 1696 1139 alienis
1744 1099 1839 1138 tam
1884 1095 2053 1151 leprosi

427 1182 563 1223 quam
597 1168 675 1209 alii
705 1182 794 1210 non
827 1168 996 1224 leprosi
1018 1170 1220 1209 tractatu
1244 1172 1287 1209 et
1311 1181 1498 1210 assensu
1521 1168 1746 1210 dictorum
1767 1167 2051 1222 leprosorum

426 1238 629 1281 volentes
661 1239 842 1280 inficere
875 1242 1033 1294 gentes
1066 1242 1248 1281 nostras
1281 1242 1496 1292 venenofl)
1531 1242 1574 1280 et
1608 1237 1708 1279 aliis
1735 1237 1910 1293 poculis
1933 1249 2052 1278 mor-

426 1308 572 1351 tiferis
604 1309 693 1352 nisi
724 1312 830 1351 sunt
862 1323 1004 1365 aquas
1054 1322 1364 1364 corrumpere,
1412 1312 1463 1350 11(
1496 1322 1550 1350 ex
1584 1308 1647 1351 eis
1679 1307 1885 1350 bibentes
1915 1307 2053 1349 inter-

426 1378 669 1421 ficerentur
701 1383 779 1421 aut
811 1379 980 1435 leprosi
1012 1379 1185 1430 fierent,
1231 1383 1273 1421 et
1307 1380 1426 1435 quod
1459 1379 1612 1434 plures
1647 1393 1700 1420 ex
1734 1379 1797 1421 eis
1829 1378 2052 1434 fugientes

429 1450 482 1491 de
515 1449 616 1492 aliis
658 1451 810 1505 regnis
845 1451 900 1492 ad
948 1464 1090 1505 regna
1140 1453 1183 1492 6(
1215 1452 1362 1492 terras
1396 1452 1578 1492 nostras
1621 1462 1667 1491 se
1706 1448 2052 1501 transtulerunt,

426 1519 506 1561 ubi
538 1523 643 1562 sunt
674 1534 757 1575 pro
790 1521 1108 1576 per11›et1·andis
1148 1520 1383 1562 maleficiis
1421 1519 1696 1575 supradictis
1731 1554 1736 1559 .
1772 1553 1780 1560 .
1816 1553 1823 1560 .
1888 1519 2055 1561 Omnes

430 1589 707 1645 alienigenas
740 1593 834 1632 tam
868 1604 1017 1634 mares
1051 1589 1187 1646 quam
1221 1591 1427 1643 feminas,
1463 1592 1515 1632 (16
1550 1590 1713 1645 quibus
1740 1589 1865 1632 nulla
1887 1588 2055 1631 noticia

428 1660 665 1713 habeatur,
700 1695 708 1702 .
736 1695 742 1702 .
770 1695 777 1702 .
813 1661 1018 1717 capiatis,
1054 1665 1110 1713 et,
1144 1662 1184 1704 si
1216 1676 1329 1717 (11163
1364 1676 1417 1703 ex
1451 1661 1513 1704 eis
1546 1661 1751 1716 leprosos
1777 1659 2054 1712 inveneritis,

430 1733 586 1772 contra
622 1744 697 1773 eos
731 1733 784 1773 de
816 1731 1033 1787 predictis
1068 1746 1168 1774 cum
1202 1745 1380 1774 summa
1414 1732 1655 1787 diligencia
1686 1731 1929 1786 inquiratis
1963 1765 1970 1771 .
2008 1764 2015 1771 .
2046 1763 2053 1771 .

430 1799 616 1844 Ceteros
648 1815 754 1844 vero
787 1816 877 1844 non
909 1802 1115 1858 leprosos
1149 1806 1307 1858 captos
1341 1816 1366 1844 a
1399 1806 1523 1844 terra
1555 1806 1714 1844 nostra
1748 1801 1830 1844 eici
1861 1800 2053 1843 faciatis.

430 1871 533 1913 Dat.
571 1906 577 1913 .
609 1906 616 1913 .
647 1907 654 1913 .
691 1873 848 1928 quinto
881 1873 1101 1915 kalendas
1133 1873 1245 1915 Julii
1277 1886 1394 1915 anno
1429 1873 1599 1915 domini
1630 1870 1913 1914 MCOCXXI.

572 1942 654 1985 Reg.
681 1942 750 1976 246
776 1943 802 1976 f.
830 1942 910 1979 232.
936 1944 960 1976 f.
989 1943 1034 1977 58
1059 1944 1099 1977 ff.
1128 1954 1234 1987 super
1259 1943 1352 1977 facto
1379 1943 1452 1977 dels
1470 1942 1645 1976 Pastorels
1671 1953 1715 1976 an
1734 1942 1881 1975 Bischof
1906 1941 2056 1975 Poncius

429 1999 606 2034 Vicensis:
636 2001 843 2044 Recepimus
870 2001 1005 2035 literam
1030 2002 1179 2038 illorum.
1207 2002 1265 2046 qui
1291 2013 1327 2036 se
1353 2002 1533 2035 nominant
1557 2000 1741 2043 Pastorels,
1768 2000 1951 2044 negocium
1978 2000 2056 2033 des-

430 2058 623 2092 cribentem
649 2089 656 2095 .
685 2088 691 2095 .
721 2087 727 2093 .
755 2071 816 2094 nos
848 2061 918 2094 iam
955 2072 1065 2104 nuper
1090 2061 1249 2095 videntes
1287 2072 1392 2105 grave
1425 2060 1637 2102 scandalum,
1677 2060 1767 2104 quod
1805 2060 1841 2093 in
1874 2059 1989 2103 regnis
2022 2060 2057 2092 et

430 2118 533 2151 terris
559 2118 686 2151 nostris
718 2130 761 2151 ex
786 2119 946 2163 ingressu
971 2119 1142 2153 (lictorum
1167 2119 1441 2163 improvidorum
1467 2117 1641 2152 Pastorels
1667 2127 1889 2151 succrescere
1916 2118 1950 2150 et
1975 2126 2055 2159 pro—

432 2175 551 2209 venire
584 2181 714 2219 posset:
754 2177 813 2211 hat
845 2177 973 2211 bereits
1005 2189 1066 2211 zur
1092 2178 1245 2212 Abwehr
1282 2188 1325 2211 ari
1353 2178 1447 2211 361116
1475 2176 1636 2211 officiale
1673 2175 1912 2220 geschrieben.
1965 2174 2056 2209 1320

430 2234 501 2267 Juli
526 2234 583 2270 20.

434 2343 532 2382 606.
566 2342 654 2383 Ein
686 2343 884 2385 Pisaner
917 2344 1120 2397 Kapitiin
1162 2356 1219 2385 an
1252 2344 1345 2386 Azo
1388 2342 1481 2384 und
1512 2343 1748 2386 Joliannes
1781 2340 2056 2393 Malaspina,

433 2412 642 2454 rectores
683 2414 812 2456 terre
845 2412 1046 2456 Sassari:
1090 2415 1253 2456 sendet
1294 2413 1700 2467 Geheimsprache.
1769 2410 1971 2454 Castello
2010 2409 2058 2451 (11

909 2483 1073 2526 Castro
1106 2484 1267 2540 (13:25)
1301 2485 1483 2538 August
1515 2484 1586 2525 27.

576 2563 642 2603 De
675 2561 870 2603 inimicis
902 2560 1071 2603 nostris
1105 2560 1231 2616 large
1262 2560 1514 2616 poterimus
1546 2558 1821 2614 triumphari
1855 2591 1862 2599 .
1898 2591 1906 2598 .
1944 2590 1951 2597 .
2002 2556 2059 2597 Ε(

434 2635 498 2684 ut,
533 2645 617 2687 que
649 2632 931 2687 inposterum
964 2632 1143 2673 venient
1175 2631 1478 2683 rescribenda,
1518 2629 1746 2685 possimus
1779 2627 1895 2669 alter
1928 2625 2059 2668 alteri

436 2716 591 2745 secure
631 2702 893 2754 rescribere,
937 2715 1050 2752 ecce,
1095 2703 1215 2757 quod
1256 2702 1543 2757 presentibus
1581 2699 1924 2742 intercludimus
1956 2710 2058 2752 per-

436 2773 737 2815 mutacionem
786 2772 1046 2828 Alphabeti,
1095 2786 1177 2827 per
1224 2773 1345 2827 quod
1393 2785 1472 2814 vos
1520 2771 1651 2813 nobis
1701 2773 1743 2811 et
1789 2782 1872 2811 nos
1915 2767 2057 2819 vobis,

438 2844 617 2899 quando
656 2843 810 2898 graiis
846 2843 1039 2884 materia
1072 2847 1343 2898 superesset,
1377 2842 1681 2889 rescribamus
1716 2874 1723 2880 .
1760 2874 1767 2881 .
1804 2873 1810 2880 .
1876 2839 1978 2879 Dat.
2013 2838 2058 2878 in

437 2912 636 2956 Castello
671 2914 810 2956 castri
842 2914 912 2956 die
945 2914 1131 2954 XXVII.
1165 2913 1364 2968 Augusti
1395 2912 1517 2954 VIII.
1551 2910 1828 2953 indiccionis.

578 2983 667 3019 CRD
698 2984 826 3018 10044.
878 2982 1029 3017 GleichZ.
1057 2983 1166 3025 Kopie
1192 2983 1275 3025 Pap.

506 3043 559 3069 (505
579 3045 607 3080 λ’)
635 3043 780 3076 venenio
808 3043 890 3086 Reg.
