2296 3512
1033 301 1348 341 —928—

383 434 582 473 rectores
626 433 668 472 et
707 429 991 472 consiliarios
1024 428 1133 470 dicti
1166 428 1304 470 studii
1336 427 1436 469 fieri
1458 428 1515 481 (Ρ)
1549 427 1838 482 permittatis.
1901 426 2004 467 Dat.

384 502 668 543 Barchinone
701 499 946 556 [kalendas]
982 498 1260 554 Septembris
1301 512 1417 541 anno
1451 497 1654 553 predicto
1688 494 2005 553 [MCCCXH0].

529 584 609 627 Reg.
636 583 706 618 240
731 583 756 622 t,
777 582 831 616 58.
874 581 1021 615 V⁷elche
1041 581 1288 615 cenventiones
1314 581 1391 614 sind
1408 580 1484 614 hier
1501 579 1678 624 gemeint‘?
1705 579 1744 613 [n
1764 579 1831 612 den
1848 578 2008 612 Statuten

387 653 446 676 um
475 641 566 677 1300
590 642 636 675 ist
661 642 715 675 die
741 639 959 685 Beteiligung
984 640 1044 674 des
1070 639 1231 674 Bischofs
1256 639 1354 673 nicht
1379 639 1546 674 erwahnt.

386 798 485 838 601.
527 796 637 838 Vier
676 795 929 839 Schreiben
966 795 1151 849 Jaymes
1173 795 1239 836 Π.
1278 807 1335 836 an
1374 793 1461 835 den
1499 790 2009 835 Biicher-llluminator

383 866 597 910 Bernard
629 865 867 909 Gonterii:
918 865 956 907 1.
993 865 1362 917 Illuminierung
1407 865 1534 906 eines
1571 863 1753 906 Buches
1794 862 1882 902 mit
1914 861 2008 902 Ini-

381 938 532 982 tialen
572 937 667 979 und
710 937 937 989 Figuren3
982 936 1023 978 2.
1061 935 1431 987 Illuminierung
1462 936 1593 976 einer
1623 933 1781 985 Bibel‚
1818 932 1894 973 die
1926 930 2010 972 der

385 1007 1014 1052 Franziskaner-Provincial
1058 1006 1139 1048 fiir
1184 1006 1272 1047 den
1303 1004 1461 1058 Konig
1496 1004 1579 1046 hat
1610 1003 1803 1046 macheu
1834 1002 2007 1051 lassen3

384 1081 426 1123 3.
475 1080 763 1133 Weigerung
795 1077 1030 1121 Bernards
1069 1077 1145 1118 ein
1176 1077 1274 1118 ihm
1314 1088 1417 1117 vom
1455 1075 1599 1117 Notar
1629 1074 1865 1118 ‚Iohannes
1895 1072 2008 1114 Pro-

383 1152 631 1194 bohomme
664 1150 977 1202 iibergebenes
1010 1148 1141 1189 Buch
1173 1159 1227 1188 zu
1258 1146 1555 1188 illustrieren
1592 1144 1685 1187 und
1723 1143 1896 1186 diesem
1937 1157 2008 1186 zu-

385 1222 709 1274 riickzugeben
740 1218 832 1261 und
861 1218 1029 1261 Befehl
1062 1216 1220 1260 beides
1252 1215 1587 1266 auszufi'ihrem
1620 1215 1662 1257 4.
1695 1215 1909 1258 Antwort
1929 1215 2016 1257 auf

385 1293 463 1335 ein
500 1290 753 1335 Schreiben
791 1288 1027 1332 Bernards
1060 1289 1178 1330 betr.
1211 1287 1579 1339 Illuminierung
1616 1287 1741 1328 eines
1775 1286 2007 1328 Psalters:

384 1364 477 1406 soll
520 1363 658 1405 keine
689 1359 1066 1403 Passionsbilder
1107 1359 1367 1411 anbringen
1397 1357 1490 1399 und
1523 1357 1603 1399 (las
1636 1357 1764 1400 Buch
1795 1356 1903 1398 bald
1934 1358 2008 1398 ab·

673 1433 834 1486 geben.
889 1430 999 1472 1313
1032 1430 1169 1484 April
1202 1429 1256 1471 16
1288 1429 1360 1471 bis
1391 1429 1646 1471 November
1677 1428 1716 1469 4.

539 1531 575 1569 1.
610 1526 831 1581 Magistro
873 1525 1105 1567 Bernardo
1147 1523 1447 1565 illuminatori
1484 1535 1565 1565 suo
1602 1556 1609 1563 .
1647 1556 1654 1563 .
1689 1556 1697 1563 .
1741 1522 2010 1564 Mandamus

386 1599 530 1652 vobis,
566 1601 788 1653 quatenus
822 1597 1046 1652 quendam
1078 1595 1243 1637 librum
1277 1603 1496 1645 nostrum,
1531 1607 1662 1649 quem
1694 1593 1923 1635 Johannes
1957 1592 2010 1634 de

389 1670 763 1723 Probohommea)
824 1668 1030 1710 notarius
1082 1666 1506 1720 Cesaraugustanus
1558 1665 1686 1707 vobis
1739 1663 1889 1706 tradet
1940 1663 2011 1704 vel

387 1743 531 1793 1111161,
563 1739 861 1782 incontinenti
893 1737 1157 1780 illuminetis
1192 1738 1244 1779 de
1286 1736 1511 1792 capitibus
1543 1735 1799 1777 litterarum
1833 1737 1876 1775 et
1909 1734 2009 1776 aliis

386 1812 547 1867 figuris
582 1811 639 1853 ad
667 1811 761 1852 eius
784 1809 1053 1852 necessariis
1076 1810 1406 1851 ornamentum.
1459 1807 1562 1848 Dat.
1583 1805 1866 1848 Barchinone
1888 1804 2007 1846 XVI.

386 1883 606 1925 kalendas
639 1881 782 1923 Madii
815 1893 931 1922 anno
965 1879 1136 1922 domini
1168 1877 1453 1921 MCGCXIH.

529 1956 567 1994 2.
600 1953 799 1994 Jacobus
833 1955 913 1993 etc.
947 1950 1070 1992 fideli
1099 1964 1179 1993 suo
1213 1949 1435 2004 magistro
1458 1948 1688 1990 Bernardo
1713 1946 2011 1988 illuminatori

390 2030 470 2066 610.
537 2023 649 2066 Cum
682 2037 764 2065 nos
791 2022 996 2073 velimus,
1021 2022 1140 2077 quod
1163 2034 1244 2063 vos
1267 2020 1533 2062 illuminetis
1556 2019 1784 2074 quandam
1806 2017 2008 2068 bibliam,

388 2108 525 2150 quam
573 2094 845 2136 venerabilis
901 2096 944 2135 61
999 2092 1237 2147 religiosus
1288 2090 1432 2132 frater
1477 2088 1756 2136 Romerius‘w
1803 2087 2011 2130 minister

388 2166 583 2208 fratrum
617 2165 845 2206 Minorum
878 2164 921 2205 in
962 2163 1194 2218 provincia
1229 2161 1459 2215 Aragonie
1498 2160 1635 2202 scribi
1666 2158 1773 2201 fecit
1806 2162 1862 2201 ad
1894 2171 2009 2214 opus

386 2236 546 2288 nostri,
590 2235 757 2277 idcirco
802 2234 930 2277 vobis
976 2246 1186 2289 expresse
1228 2232 1510 2283 mandamus,
1550 2234 1771 2285 quatenus
1809 2229 2007 2272 dimissis

390 2307 491 2349 aliis
524 2306 719 2361 negotiis
753 2305 1109 2360 quibuscumque
1137 2304 1304 2345 dictam
1337 2302 1523 2345 bibliam
1557 2301 1821 2343 illuminetis
1851 2300 1898 2341 in
1930 2299 2007 2341 illo

384 2378 484 2420 loco
520 2381 562 2419 et
595 2391 644 2419 eo
678 2377 826 2428 modo,
860 2381 998 2431 prout
1041 2375 1186 2416 dictus
1225 2374 1432 2416 minister
1471 2373 1649 2415 duxerit
1694 2372 2006 2414 ordinandum.

387 2449 493 2490 Dat.
528 2448 637 2489 Orte
668 2448 769 2489 XII.
803 2446 1020 2488 kalendas
1053 2445 1250 2500 Augusti
1283 2458 1399 2486 anno
1433 2443 1602 2485 domini
1633 2441 1917 2485 MCCCXHI.

531 2520 568 2559 3.
602 2519 800 2560 Jacobus
836 2551 844 2558 .
881 2552 887 2558 .
925 2551 932 2558 .
967 2516 1188 2571 magistro
1221 2516 1452 2557 Bernardo
1486 2513 1783 2556 illuminatori
1815 2512 2008 2554 salutem

388 2593 431 2632 et
475 2589 689 2644 graciam.
766 2587 1077 2630 Intelleximus
1124 2601 1177 2628 ex
1211 2590 1340 2642 parte
1372 2586 1594 2628 ‚Johannis
1628 2586 1680 2627 de
1712 2582 2006 2638 Prohomneb)

390 2660 559 2702 notarii
605 2658 960 2714 Cesarauguste,
1003 2658 1123 2712 quod
1167 2671 1248 2699 vos
1293 2656 1604 2699 contradicitis
1645 2658 1687 2697 et
1732 2654 1922 2696 differtis
1969 2654 2007 2695 ei

389 2732 613 2784 traderec)
658 2731 880 2785 quendam
926 2729 1091 2770 librum
1124 2732 1343 2777 nostrum,
1392 2741 1524 2782 quem
1568 2726 1664 2781 ipse
1706 2727 1759 2767 de
1791 2726 2005 2766 mandato

390 2804 547 2843 nostro
583 2801 766 2856 scripsit
799 2813 1018 2854 quemque
1058 2799 1154 2854 ipse
1189 2798 1314 2840 vobis
1352 2797 1541 2839 tradidit
1573 2797 1630 2838 ad
1662 2796 2005 2838 illuminandum

389 2873 443 2914 de
476 2872 699 2927 capitibus
732 2871 989 2912 litterarum
1013 2873 1056 2911 et
1089 2869 1188 2912 aliis
1218 2869 1394 2924 figuris3
1430 2871 1473 2910 61
1505 2868 1625 2923 quod
1647 2866 1836 2909 differtis
1870 2865 2005 2907 etiam

388 2942 646 2983 illuminare
681 2942 847 2984 dictum
882 2941 1046 2982 librum
1081 2945 1123 2981 et
1159 2941 1275 2995 quod
1310 2952 1390 2981 vos
1422 2940 1507 2981 hoc
1531 2937 1820 2988 differebatis,
1853 2939 1902 2976 ut
1925 2948 2004 2976 vos

385 3013 560 3055 dictum
593 3013 760 3054 librum
791 3011 922 3054 nobis
954 3010 1259 3052 illuminatum
1283 3009 1626 3065 presentaretis:
1661 3009 1714 3050 de
1742 3019 1842 3061 quo,
1877 3006 1915 3047 si
1941 3006 2005 3047 ita

531 3090 559 3123 a)
586 3082 817 3116 Probohomm
843 3082 907 3115 mit
931 3080 1280 3124 Abkiirzungsstricli⁴
1332 3080 1361 3123 b)
1387 3079 1430 3113 So
1456 3079 1540 3122 Reg.
1585 3079 1613 3122 c)
1638 3077 1818 3111 tradedere
1844 3076 1927 3119 Reg.
