2296 3512
1109 287 1425 327 —870—

456 411 720 455 Respondemus
745 422 869 446 verum
900 412 1026 454 fuisse,
1059 412 1150 457 quod
1175 423 1237 447 nos
1263 413 1305 447 de
1331 423 1495 458 expresso
1520 413 1681 447 mandato
1708 413 1916 448 sanctissimi
1943 413 2072 448 domini

457 470 565 505 nostri
591 481 688 515 pape,
715 471 773 515 qui
798 471 895 505 nobis
922 499 930 507 .
950 498 957 505 .
977 500 984 507 .
1004 471 1235 515 demandavit,
1268 474 1307 506 ut
1331 473 1374 506 de
1400 472 1512 516 prima
1536 471 1712 507 solucione
1739 473 1840 516 primi
1866 472 1947 506 anm'
1975 472 2073 506 bien-

457 528 544 563 nalis
570 529 703 564 decime
728 530 924 574 supradicte
951 559 959 567 .
986 557 995 565 .
1023 557 1029 564 .
1057 541 1344 565 conservaremus
1376 531 1604 575 quantitatem
1637 533 1770 575 septem
1796 530 1880 565 mill.
1906 530 2075 575 quingen-

457 590 571 622 tarum
601 588 677 623 libr.
727 588 1078 632 Barchinonensium,
1116 600 1183 634 que
1214 600 1278 634 per
1303 618 1311 626 .
1339 617 1347 624 .
1374 617 1381 624 .
1408 590 1580 624 infantem
1612 590 1756 624 Petrum
1790 618 1798 626 .
1833 617 1840 623 .
1875 617 1882 625 .
1909 590 2075 624 comitem

458 646 666 691 Rippacurie
704 646 823 681 deberi
860 647 1036 682 restabant
1067 648 1196 690 eidem,
1235 648 1455 692 soripssimus
1482 677 1490 684 .
1518 676 1525 682 .
1553 677 1560 685 .
1587 648 1758 694 aliquibus
1792 659 1835 683 ex
1861 649 2077 693 sufraganeis

457 706 595 749 nostris
623 734 630 742 .
658 735 665 743 .
694 734 700 740 .
727 708 766 740 ut
802 705 900 740 nobis
932 707 1095 741 miterent
1126 706 1258 751 aliquas
1295 707 1504 751 quantitates
1541 708 1708 751 peccunie
1742 708 1839 742 iuxta
1875 708 2078 742 mandatum

457 764 682 808 apostolicum
707 765 936 800 Terraconam
964 793 970 799 .
999 792 1006 800 .
1034 792 1042 800 .
1090 765 1168 800 Dat.
1194 766 1386 800 Terracone
1412 766 1495 801 1111.
1528 766 1605 801 idus
1636 766 1792 801 Januarii
1829 777 1919 800 anno
1946 766 2078 800 domini

459 823 641 858 millesimo
668 823 825 860 CCCXX
850 823 980 868 quinto.

600 883 688 918 CRD
717 883 818 918 7895.
867 882 926 920 Or.
954 883 1037 927 Pap.
1064 883 1138 927 Ssp.
1189 883 1318 917 Wofiir
1342 882 1521 917 schuldete
1546 884 1667 917 Infant
1691 884 1804 918 Pedro
1830 884 1884 918 die
1909 883 2077 918 Summe?

460 1026 557 1067 548.
590 1025 752 1080 Jayme
773 1027 840 1068 ΙΙ.
872 1039 930 1068 an
953 1026 1218 1079 Inquisitor
1239 1024 1293 1068 G.
1316 1024 1472 1068 Costa:
1507 1025 1728 1078 Geriicht,
1761 1025 1866 1069 dass
1894 1038 1947 1068 er
1969 1028 2080 1069 zwei

457 1095 682 1138 Midrasse
704 1097 788 1139 der
807 1097 959 1141 Juden
991 1098 1040 1139 in
1063 1096 1313 1152 Calatayud
1345 1107 1502 1150 wegen
1518 1096 1764 1150 jiidischer
1784 1097 2080 1139 Verbrechen

459 1165 699 1209 zerstiiren
731 1168 890 1219 wolle3
928 1168 1073 1210 bittet
1105 1166 1352 1220 dringend,
1391 1167 1449 1208 da
1481 1166 1689 1209 dadurch
1720 1167 1796 1209 die
1828 1165 2080 1210 Gemeinde

459 1237 664 1279 ruiniert
697 1238 862 1293 werde,
909 1238 1056 1280 daven
1101 1237 1398 1290 abzustehen,
1445 1249 1577 1279 wenn
1615 1248 1668 1279 er
1705 1248 1752 1280 es
1785 1238 1874 1280 mit
1904 1238 2081 1280 seinem

459 1305 695 1351 Gewissen
728 1310 1032 1351 vereinbaren
1063 1307 1230 1351 kenne.
1292 1308 1552 1351 Barcelona
1579 1307 1693 1350 1326
1724 1308 1979 1351 December
2009 1309 2080 1351 25.

599 1402 798 1446 Jacobus
843 1406 924 1445 etc.
974 1402 1188 1459 religioso
1233 1402 1330 1444 viro
1372 1401 1506 1444 fratri
1549 1400 1793 1444 Guillelmo
1834 1400 1972 1445 Costa
2015 1402 2082 1444 in-

461 1473 673 1527 quisitori
705 1474 930 1516 hereticae
962 1473 1206 1528 pravitatis
1229 1472 1422 1515 salutem
1446 1476 1528 1514 etc.
1585 1472 1796 1514 Pervenit
1819 1474 1876 1515 ad
1899 1473 2083 1515 audien-

460 1543 570 1585 tiam
617 1547 841 1597 nostram,
890 1546 1009 1600 quod
1051 1544 1228 1586 ratione
1273 1556 1567 1599 processuum
1608 1556 1690 1598 per
1734 1555 1814 1585 vos
1857 1542 2083 1586 factorum

463 1615 681 1658 adversus
724 1615 894 1659 Judeos
942 1615 1344 1670 Galatayubienses
1391 1617 1434 1656 et
1466 1614 1701 1657 occasione
1735 1613 1990 1669 culparum,
2037 1615 2084 1657 in

463 1685 625 1741 quibus
669 1698 744 1728 eos
789 1686 1036 1741 reperistis,
1077 1685 1311 1728 intenditis
1351 1685 1661 1741 pronuntiare,
1697 1686 1816 1740 quod
1848 1685 1935 1727 duo
1970 1685 2085 1728 Mid-

462 1769 614 1799 rasses
657 1757 799 1811 ipsius
846 1757 1011 1799 aliame
1052 1757 1232 1813 penitus
1274 1756 1527 1798 diruantur.
1599 1756 1659 1797 Et
1702 1756 1819 1798 sicut
1851 1755 2084 1799 informati

463 1827 699 1870 existimus
734 1842 814 1882 per
846 1827 1063 1871 officiales
1095 1832 1277 1870 nostros
1312 1830 1356 1870 et
1389 1827 1518 1880 alios,
1561 1827 1600 1869 si
1645 1826 1730 1869 hoc
1761 1826 1902 1879 fieret,
1946 1841 1999 1869 ex
2033 1839 2083 1869 eo

460 1897 563 1952 ipsa
608 1898 773 1940 aliama
816 1899 994 1953 penitus
1039 1900 1349 1941 destrueretur
1391 1901 1434 1939 et
1473 1897 1785 1952 dissiparetur.
1859 1896 2084 1949 Quocirca

462 1968 610 2023 ipsam
659 1970 922 2022 alhiamam,
977 1970 1022 2011 in
1077 1972 1295 2026 quantum
1343 1968 1439 2011 sine
1491 1968 1575 2011 Dei
1636 1967 1923 2022 displicentia
1984 1968 2085 2010 fieri

461 2039 626 2092 valeat,
661 2053 931 2083 conservare
962 2041 1175 2092 volentes,
1199 2053 1279 2082 vos
1302 2052 1531 2094 rogamus,
1555 2042 1778 2093 quatenus
1800 2039 1855 2081 ob
1880 2042 2083 2081 nostram

461 2112 791 2164 reverenciam,
856 2112 895 2155 si
953 2112 1240 2167 aliquatenus
1292 2110 1391 2152 fieri
1441 2109 1610 2164 poterit
1661 2110 1757 2153 sine
1810 2109 2085 2152 consciencie

463 2184 613 2223 vestre
666 2182 836 2225 lesione
884 2186 927 2225 et
974 2183 1070 2226 sine
1116 2183 1282 2224 honere
1329 2184 1494 2233 vestro,
1531 2215 1538 2222 .
1569 2215 1578 2222 .
1609 2215 1618 2222 .
1652 2181 1984 2235 supersedeatis
2028 2181 2086 2223 ad

464 2264 648 2305 presens
684 2253 802 2295 circa
834 2253 1237 2308 pronunciandum,
1273 2253 1391 2308 quod
1425 2252 1534 2294 dicti
1561 2251 1808 2294 Midrasses
1832 2251 2084 2303 diruantur,

463 2335 543 2365 seu
574 2322 677 2366 illos
711 2324 952 2366 actualiter
987 2324 1104 2366 dirui
1130 2323 1385 2365 faciendum
1420 2357 1427 2364 .
1456 2357 1463 2364 .
1490 2357 1498 2364 .
1532 2322 1637 2364 Dat.
1663 2322 1945 2364 Barchinone
1962 2321 2083 2364 VIII.

464 2393 682 2437 kalendas
713 2394 922 2437 Januarii
956 2408 1071 2437 anno
1105 2394 1275 2436 domini
1307 2393 1546 2436 millesimo
1580 2390 1778 2435 CCCXX
1810 2396 1950 2435 sexto.

605 2464 688 2508 Reg.
715 2464 785 2500 249
811 2465 836 2501 f.
863 2465 944 2499 277.
994 2465 1177 2499 Midrasse:
1203 2464 1363 2508 jiidische
1389 2462 1623 2508 theologische
1649 2462 1824 2497 Literatur
