2296 3512
923 261 1243 302 —875—

273 390 403 432 nobis
443 389 698 445 nequivisse
745 388 914 440 fecisse⁷
960 388 1283 431 nichilominus·
1331 388 1474 430 eidem
1527 387 1893 444 respondendum

274 458 660 515 signifficavimus,
704 459 822 515 quod
855 471 951 509 nos,
986 459 1359 514 quandocumque
1392 459 1543 502 sedem
1577 457 1892 514 apostolicam,

273 533 464 573 matrem
497 533 701 572 nostram
734 529 804 570 vel
837 528 1098 584 episcopum
1131 529 1279 584 ipsum
1313 529 1511 572 eiusdem
1544 528 1819 585 provisionis
1833 528 1892 582 (Ρ)

273 601 393 643 viam
424 600 611 655 negocio
644 601 752 642 dare
791 599 1053 654 contigerit,
1103 600 1157 641 ad
1191 599 1236 641 id
1276 599 1468 642 feliciter
1512 599 1892 655 prosequendum,

274 671 320 713 in
339 674 557 726 quantum
579 670 758 712 favente
781 669 983 712 crucifixi
1010 670 1166 725 gracia
1193 670 1455 724 poterimus,
1480 669 1724 712 efficaciter
1750 669 1895 711 inten-

276 742 444 784 demus.
521 740 682 797 Sicque
728 740 1046 783 discrecionern
1089 743 1286 782 vestram
1321 743 1504 793 attente,
1541 775 1548 782 .
1585 775 1593 782 .
1629 774 1637 782 .
1674 743 1897 796 quatenus
1939 789 1948 794 q

276 812 534 868 episcopum
567 815 868 854 memoratum
900 811 1167 865 opportunis
1205 811 1290 854 viis
1325 825 1378 853 ac
1409 811 1638 867 obsequiis
1670 811 1897 853 inducatis

277 884 335 925 ad
370 883 630 925 huiusmodi
669 882 905 938 negocium
946 881 1119 924 utiliter
1155 883 1525 937 promovendum,
1564 885 1700 936 prout
1737 881 1898 924 melius

277 953 334 996 ad
366 953 448 995 Dei
486 953 728 997 servicium
762 955 805 995 et
837 952 982 995 nostri
1015 955 1162 995 status
1196 966 1248 994 ac
1281 952 1465 995 honoris
1490 955 1782 1008 augmentum
1805 952 1896 994 dis·

276 1024 470 1066 crecioni
512 1028 662 1067 vestre
708 1022 974 1073 videbiturd)
1024 1024 1244 1078 expedire.
1311 1023 1514 1066 Novistis
1548 1023 1726 1075 etenim,
1778 1023 1899 1078 quod

276 1095 469 1137 ferventi
510 1095 672 1137 affectu
713 1095 969 1137 inducimur
1009 1107 1145 1148 super
1185 1094 1286 1137 isto.
1350 1094 1455 1136 Dat.
1498 1096 1548 1135 ut
1586 1107 1737 1148 supra.
1802 1093 1898 1148 [III.

277 1166 379 1209 idus
411 1166 649 1208 Februarii
682 1180 799 1208 anno
832 1165 1004 1208 domini
1037 1163 1218 1208 MOCCO
1251 1165 1442 1220 quinto].

419 1248 503 1292 Reg.
519 1249 587 1282 334
601 1249 626 1282 f.
644 1249 722 1283 135.
760 1241 911 1282 Ahnlioh
929 1258 972 1280 an
991 1247 1136 1281 Bischof
1155 1247 1326 1281 Antonius
1344 1246 1591 1281 Dunelmensis
1609 1246 1680 1280 und
1697 1244 1901 1279 Guillelmus

278 1306 463 1340 Bertrandi
488 1307 560 1341 ord.
587 1307 689 1341 Pred.

279 1450 377 1491 553.
411 1449 574 1505 Jayme
613 1450 680 1493 II.
728 1462 786 1491 an
833 1448 1010 1492 Arnald
1058 1461 1146 1491 von
1193 1447 1457 1491 villanova:
1503 1448 1627 1501 zeigt
1673 1446 1904 1501 Empfang

279 1521 431 1563 seines
467 1520 649 1563 Briefes
681 1520 774 1562 und
808 1520 892 1562 der
913 1519 1106 1574 Kapitel
1138 1519 1287 1561 durch
1308 1519 1361 1561 P.
1385 1518 1441 1561 de
1463 1518 1803 1561 Montemelone
1825 1530 1902 1568 an3

280 1591 338 1634 da
369 1591 445 1634 die
477 1589 622 1635 Sache
663 1592 781 1633 auch
823 1591 911 1633 den
952 1589 1110 1643 Kiinig
1155 1601 1243 1632 von
1285 1589 1521 1632 Kastilien
1567 1588 1764 1632 betreffe
1811 1587 1904 1630 und

280 1662 435 1705 dieser
465 1674 555 1704 von
577 1662 662 1704 der
682 1662 933 1716 geplanten
954 1660 1373 1703 Zusammenkunft
1394 1660 1542 1702 durch
1564 1660 1651 1702 den
1673 1658 1904 1702 Aufstand

281 1733 360 1776 des
391 1734 511 1777 Juan
542 1733 694 1775 Nunez
727 1733 1007 1787 abgehalten
1039 1732 1123 1785 sei,
1165 1734 1318 1773 miisse
1350 1731 1426 1773 die
1459 1730 1603 1774 Sache
1635 1730 1716 1772 fiir
1747 1730 1906 1784 spater

446 1804 741 1857 ausgehoben
773 1803 974 1846 werden.
1035 1802 1206 1845 Teruel
1240 1801 1350 1843 1307
1386 1801 1641 1844 November
1676 1801 1744 1843 18.

425 1899 624 1941 Jacobus
658 1900 739 1940 etc.
768 1898 990 1953 magistro
1010 1896 1213 1939 Arnaldo
1232 1896 1286 1938 de
1302 1895 1547 1938 Vfflanova
1571 1895 1829 1938 consiliario
1864 1897 1907 1936 et

282 1969 454 2023 phisico
487 1972 644 2012 nostro
678 1968 840 2011 dilecto
880 1969 1073 2012 salutem
1107 1971 1187 2010 etc.
1251 1966 1469 2009 Videmus
1501 1965 1726 2017 litteram,
1770 1978 1905 2021 quam

282 2040 412 2082 nobis
452 2040 644 2083 misistis
685 2053 765 2095 per
805 2039 982 2082 fidelem
1015 2041 1222 2082 nostrum
1255 2038 1436 2080 Petrum
1486 2038 1539 2079 de
1571 2036 1906 2079 Montemolone

284 2110 425 2152 civem
448 2111 858 2154 Barchinonensem
893 2114 937 2153 et
970 2110 1212 2166 diligenter
1242 2108 1484 2151 intellectis
1508 2108 1609 2160 hiis,
1643 2122 1729 2163 que
1750 2107 1906 2149 retulit

283 2181 430 2224 dictus
462 2182 621 2225 Petrus
654 2182 784 2224 nobis
827 2196 881 2224 ex
914 2184 1042 2236 parte
1073 2182 1228 2223 vestra
1261 2194 1314 2222 ex
1347 2179 1582 2222 credencia
1615 2178 1702 2221 sibi
1735 2178 1907 2220 comisa

284 2265 337 2294 ac
369 2252 510 2294 eciam
542 2252 756 2307 inspectis
790 2252 1014 2307 capitulis,
1049 2265 1134 2307 que
1168 2250 1302 2293 atulit
1334 2250 1466 2293 nobis
1498 2250 1618 2292 idem
1652 2250 1827 2300 Petrus,
1861 2249 1907 2290 id

285 2326 467 2379 gratum
498 2323 761 2376 habuimus,
802 2323 1089 2366 notificantes
1121 2321 1271 2374 vobis,
1305 2322 1438 2377 quod,
1472 2321 1578 2363 licet
1609 2333 1692 2363 nos
1724 2320 1907 2375 plenam

285 2394 548 2436 affecionem
589 2407 801 2449 geramus
840 2394 959 2436 circa
993 2393 1200 2448 exposita
1232 2392 1363 2435 nobis
1396 2405 1476 2446 per
1509 2391 1677 2433 dictum
1709 2392 1906 2441 Petrum,

285 2468 437 2507 tamen
471 2464 577 2519 quia
608 2464 845 2519 negocium
876 2464 1135 2506 huiusmodi
1166 2463 1391 2506 illustrem
1423 2476 1576 2518 reg-em
1600 2460 1796 2504 Castelle
1819 2474 1908 2503 non

285 2536 513 2578 modicum
546 2538 734 2591 tangere
766 2535 1030 2587 dinoscitur,
1065 2538 1109 2576 et
1142 2537 1378 2589 sperantes
1412 2534 1578 2576 vistam
1612 2546 1712 2575 cum
1746 2544 1796 2574 eo
1831 2532 1908 2573 ha-

284 2607 391 2648 bere
422 2607 467 2648 in
499 2606 706 2661 proximo
738 2605 956 2660 preterito
988 2605 1103 2648 festo
1137 2605 1349 2649 Omnium
1382 2608 1666 2657 sanctorum,
1710 2606 1761 2645 ut
1792 2603 1910 2644 inter

285 2678 434 2733 ipsum
480 2681 524 2719 et
566 2691 648 2720 nos
693 2676 953 2719 ordinatum
985 2675 1134 2718 fuerat
1167 2680 1210 2718 et
1242 2676 1521 2727 condictum,
1565 2675 1612 2716 in
1644 2674 1777 2717 huius
1809 2686 1909 2728 pre-

287 2749 438 2792 sencia
469 2747 750 2803 providimus
782 2747 931 2802 ipsum
963 2760 1063 2788 cum
1098 2760 1148 2789 eo
1180 2747 1278 2789 fore
1311 2746 1467 2789 utilius
1502 2748 1546 2787 et
1578 2745 1787 2788 eficacius
1809 2757 1908 2798 per-

286 2820 576 2862 tractandum
622 2821 665 2860 et
710 2818 1008 2873 dirigendum.
1072 2816 1150 2860 Set
1195 2817 1302 2873 quia
1344 2816 1662 2871 impedientess)
1712 2815 1908 2870 quodam

286 2904 501 2946 processu
547 2893 590 2932 et
634 2888 860 2931 discordia
906 2888 1064 2929 habita
1107 2887 1226 2930 inter
1269 2888 1417 2942 ipsum
1451 2900 1602 2941 regem
1636 2884 1833 2928 Castelle
1866 2887 1910 2926 et

286 2962 483 3005 nobilem
516 2961 769 3003 Johannem
802 2959 939 3001 Nunii
972 2959 1025 3000 de
1058 2956 1267 3011 Castesse,
1314 2958 1391 3013 qui
1435 2970 1515 3011 per
1559 2957 1709 3011 ipsum
1757 2968 1909 3010 regem

356 3043 409 3071 552
428 3043 459 3087 d)
484 3042 639 3076 videritis
665 3042 749 3085 Reg.
798 3040 852 3067 553
870 3042 900 3081 a)
926 3039 1160 3084 impendiente
1186 3039 1269 3083 Reg.
