2296 3512
906 237 1222 277 -625—

251 358 448 400 deterius
479 372 560 401 nec
592 360 891 414 periculosius
925 376 1060 417 quam
1095 365 1296 408 occultus
1320 370 1362 409 et
1385 368 1625 413 familiaris
1646 371 1868 414 inimicus.

248 429 320 470 Ab
354 428 563 471 omnibus
597 430 714 472 enim
747 431 942 474 Ytalicis
981 436 1076 475 tam
1119 436 1276 479 amicis
1320 450 1474 482 eorum
1508 455 1644 497 quam
1676 442 1870 484 inimicis

250 499 356 540 dicti
388 499 541 541 Pisani
573 499 670 542 sine
703 501 825 542 omni
856 501 946 544 fide
979 506 1022 545 et
1053 504 1247 559 phedere
1280 512 1551 563 reputantur
1584 515 1626 554 et
1655 526 1745 555 non
1776 526 1870 555 res—

247 569 418 624 piciunt
432 583 512 610 nec
531 573 772 625 expectant
788 572 877 614 nisi
893 575 1073 628 tempus
1092 575 1155 617 eis
1174 580 1460 631 oportunum.
1504 583 1676 626 Idcirco
1696 597 1869 626 summe

249 640 572 682 advertendum
606 644 672 683 est
706 644 749 683 et
782 655 958 685 summo
998 645 1186 688 consilio
1228 649 1556 701 providendum
1595 654 1648 695 de
1670 655 1867 697 remedio

247 713 482 765 oportuno.
555 711 697 754 Multe
730 713 874 754 eciam
915 715 1155 769 novitates,
1198 720 1247 758 ut
1279 718 1557 776 plerumque,
1592 725 1791 767 assolent
1821 726 1868 768 in

244 781 396 835 regnis
440 781 620 823 noviter
665 783 901 838 acquisitis
947 785 1221 841 contingere,
1274 790 1471 833 maxime
1514 793 1591 834 ubi
1634 799 1869 838 remanent

243 850 422 893 vocales
457 852 657 905 vassalli,
691 857 760 895 set
781 854 926 897 reales
953 855 1107 899 hostes
1135 860 1178 899 et
1200 858 1381 900 inimici.
1433 861 1461 901 J
1465 875 1537 903 am
1561 864 1677 906 0111111
1700 866 1865 919 Pisani,

244 921 321 977 qui
358 922 431 964 hic
463 925 582 975 sunt,
616 924 782 978 dicunt,
817 926 938 980 quod
966 926 1077 970 alias
1101 926 1359 971 Sardiniam
1384 932 1646 988 amiserunt,
1680 940 1866 992 excepto

243 995 392 1035 castro
436 991 600 1047 Galeri,
643 1008 743 1037 cum
789 1009 891 1051 quo,
935 1011 1020 1052 que
1062 999 1322 1053 amiserant,
1361 1008 1746 1060 recuperarunta)
1808 1009 1866 1050 Et

242 1063 354 1106 satis
393 1064 438 1105 in
477 1064 597 1107 dicta
635 1065 787 1108 insula
826 1068 1015 1110 credunt
1053 1068 1233 1123 habere,
1274 1084 1327 1112 ex
1361 1086 1449 1128 quo
1483 1077 1681 1118 castrum
1717 1075 1866 1120 Galeri

240 1133 286 1176 in
318 1147 452 1189 posse
480 1148 634 1178 eorum
658 1136 798 1180 libere
820 1142 1037 1181 remanet.
1092 1140 1398 1196 Reputaretur
1420 1144 1538 1186 enim
1565 1146 1622 1187 ad
1651 1161 1863 1202 magnam

240 1205 530 1248 securitatem
564 1207 673 1249 dicti
705 1209 846 1264 regni,
881 1210 1002 1264 quod
1033 1210 1079 1252 in
1112 1211 1304 1255 diversis
1350 1214 1461 1257 locis
1496 1219 1866 1261 construerentur

240 1279 392 1318 castra
437 1278 494 1319 ad
525 1277 821 1320 munitionem
867 1283 910 1321 et
954 1280 1197 1324 tuicionem
1237 1283 1346 1325 dicti
1383 1286 1532 1341 regni,
1586 1288 1783 1331 maxime
1815 1294 1864 1332 ut

238 1347 539 1402 propinquius
583 1352 770 1403 possent
812 1350 941 1392 iuxta
986 1356 1185 1394 castrum
1228 1352 1378 1396 Caleri
1421 1357 1786 1415 circumquaque,
1821 1364 1864 1402 et

236 1418 497 1472 specialiter
537 1433 675 1461 unum
717 1420 963 1463 inmediate
1005 1436 1143 1478 supra
1183 1438 1323 1478 mare,
1364 1426 1410 1468 in
1444 1441 1532 1483 quo
1565 1430 1752 1472 daretur
1782 1445 1864 1486 per

238 1488 412 1543 regiam
444 1493 746 1545 magestatem
780 1505 919 1548 opera
944 1492 1157 1549 efficaxffl)
1193 1497 1313 1550 quod
1334 1496 1462 1539 fieret
1483 1499 1547 1540 ibi
1568 1500 1694 1543 locus
1720 1515 1862 1557 popu-

236 1559 361 1602 losus
395 1563 438 1602 et
470 1574 758 1614 numerosus3
794 1566 836 1605 et
868 1564 954 1605 hoc
986 1566 1272 1620 quamtocius
1297 1567 1397 1609 fieri
1417 1573 1586 1623 posset,
1611 1572 1717 1626 quia
1744 1576 1862 1615 esset

236 1630 281 1672 in
329 1629 505 1673 frenum
555 1632 675 1675 dicto
724 1636 874 1676 castro
924 1633 1074 1677 Galeri
1108 1670 1115 1677 .
1152 1670 1160 1677 .
1196 1671 1204 1678 .
1289 1637 1509 1682 Similiter
1557 1642 1692 1684 etiam
1742 1645 1861 1699 quod

235 1700 395 1744 fierent
441 1705 593 1745 castra
641 1737 649 1745 .
685 1737 692 1745 .
729 1739 736 1746 .
786 1704 832 1747 in
880 1705 1002 1748 Villa
1050 1707 1366 1762 ecclesiarum,
1415 1711 1462 1752 in
1510 1710 1676 1756 Sacero
1718 1717 1761 1756 et
1814 1715 1860 1757 in

234 1772 506 1815 Terranova.

376 1856 556 1899 Reduco
581 1858 721 1900 eciam
745 1859 803 1900 ad
825 1859 998 1915 regiam
1021 1861 1287 1904 memoriam
1310 1864 1586 1919 singularem
1606 1867 1858 1910 amiciciam

235 1928 280 1967 et
311 1926 470 1980 zelum,
516 1941 648 1983 quem
680 1929 818 1971 habet
851 1933 894 1972 et
925 1931 1099 1985 habuit,
1134 1936 1178 1974 et
1208 1933 1490 1989 inimicicias,
1537 1951 1649 1992 quas
1683 1952 1736 1980 ex
1774 1940 1859 1981 hoc

236 2000 502 2041 consecutus
535 2002 603 2041 est
634 2000 877 2056 precipuus
900 2004 944 2043 et
966 2001 1153 2046 intimus
1175 2007 1326 2047 vester
1358 2007 1542 2050 amicus.
1596 2008 1748 2061 Quare
1774 2024 1857 2066 pro

234 2068 403 2110 honore
441 2069 566 2124 regio
601 2073 718 2113 esset
751 2074 795 2113 et
828 2073 1137 2116 comendabile
1171 2078 1214 2117 et
1246 2075 1407 2119 efficax
1440 2079 1694 2135 exemplum
1728 2080 1856 2123 indu-

234 2139 362 2180 cendi
395 2139 508 2182 alios
539 2154 730 2197 magnos
763 2143 819 2184 ad
848 2144 1136 2187 devocionem
1170 2148 1214 2187 et
1250 2147 1490 2191 servicium
1514 2150 1689 2205 regium
1724 2154 1768 2193 et
1800 2153 1857 2194 ad

232 2212 499 2265 perpetuam
532 2211 641 2253 dicti
679 2213 924 2268 singularis
965 2215 1098 2258 amici
1137 2219 1181 2258 et
1212 2230 1399 2260 suorum
1431 2220 1774 2275 obligacionem,
1817 2223 1856 2266 si

233 2280 406 2335 aliquid
437 2282 589 2336 regale
626 2282 810 2326 feudum
848 2299 932 2340 pro
964 2286 1208 2330 devocione
1250 2292 1292 2330 et
1325 2290 1528 2333 serviciis
1572 2292 1689 2334 tanti
1722 2294 1856 2336 amici

231 2351 449 2405 impensis
482 2352 526 2393 in
565 2356 833 2408 perpetuum
874 2355 960 2398 sibi
997 2360 1040 2399 et
1072 2358 1166 2401 suis
1198 2359 1439 2403 heredibus
1476 2362 1522 2403 in
1557 2363 1675 2405 dicto
1714 2378 1854 2420 regno

232 2420 439 2464 Sardinie
483 2423 721 2465 offerretur
765 2428 808 2466 et
850 2427 1174 2482 assignaretur.
1252 2431 1434 2474 Extimo
1475 2433 1612 2486 enim,
1658 2437 1707 2476 ut
1745 2436 1852 2488 dixi,

232 2505 285 2533 ex
318 2493 401 2534 hoc
441 2493 633 2548 predicti
666 2495 798 2537 amici
830 2510 1052 2540 summam
1087 2503 1130 2541 et
1162 2504 1428 2556 perpetuam
1462 2517 1513 2545 ac
1544 2504 1851 2548 inviolabilem

231 2563 555 2605 subiectionem
605 2567 648 2605 et
686 2566 995 2621 devocionem,
1055 2583 1108 2611 ex
1149 2584 1238 2626 qua
1275 2574 1418 2615 multa
1459 2576 1649 2617 comoda
1698 2577 1851 2618 domui

227 2634 351 2688 regie
384 2637 570 2689 possent
601 2635 647 2676 in
679 2635 883 2679 futurum
915 2640 1166 2693 provenire.
1220 2644 1336 2685 Nam
1357 2645 1484 2699 regia
1509 2649 1739 2701 magestas
1762 2661 1849 2689 non

228 2704 424 2759 ignorat,
459 2708 631 2760 quanta
664 2709 707 2747 et
739 2707 893 2762 qualia
925 2709 1072 2753 dictus
1106 2712 1276 2756 amicus
1310 2714 1396 2756 scit
1428 2718 1472 2758 et
1503 2718 1655 2771 potest
1687 2718 1847 2767 facere,

229 2776 487 2830 specialiter
517 2776 562 2817 in
588 2776 737 2829 Italia,
771 2781 814 2819 et
845 2781 973 2821 tanto
1007 2782 1258 2835 graciosius
1293 2788 1336 2826 et
1368 2786 1518 2828 carius
1545 2787 1710 2829 dictam
1746 2802 1847 2843 gra-

229 2845 345 2887 ciam
366 2846 600 2901 reciperet,
626 2851 792 2902 quanto
818 2862 870 2890 ex
892 2863 1019 2892 mera
1040 2851 1316 2897 liberalitate
1338 2857 1465 2911 regia
1488 2857 1656 2899 dictum
1680 2859 1845 2900 donum

226 2915 328 2971 ipso
361 2917 564 2958 totaliter
598 2918 837 2973 ignorante
870 2922 1146 2975 procederet.
1226 2923 1370 2967 Credo
1405 2927 1535 2978 enim,
1570 2929 1689 2982 quod
1722 2929 1846 2983 regia

369 3013 398 3053 a)
424 3010 524 3044 Doch
551 3011 830 3055 recuperabunt?
905 3013 934 3056 b)
961 3024 1101 3057 operam
1127 3016 1311 3051 efficacem
1340 3018 1397 3055 Or.

367 3091 433 3118 Fin
442 3092 461 3118 k
470 3100 500 3125 e,
523 3093 594 3119 Acta
612 3094 817 3127 Aragoncnsia.
1636 3090 1682 3124 40
