2296 3512
1034 256 1352 297 -938—

383 387 426 426 et
465 397 546 438 ego
587 384 731 425 frater
764 382 1047 426 Godefredus
1088 384 1216 439 prior
1248 384 1393 427 Vallis
1433 383 1631 426 omnium
1665 387 1926 427 sanctorum
1959 384 2004 426 in

382 453 631 496 Maurbach
649 453 821 496 ordinis
841 453 1162 506 Cartasiensis,
1187 454 1419 497 confessor
1436 454 1625 496 altenati
1642 454 1861 510 principis
1880 454 2004 496 ducis

382 523 609 566 Frederici
642 525 695 565 de
728 524 937 575 Austria,
980 523 1248 566 confitemur
1289 527 1332 566 et
1373 524 1563 566 facimus
1602 527 1758 567 notum
1797 524 2005 567 omnibus

381 593 486 646 illis,
522 594 599 649 qui
630 594 767 636 istam
800 593 1002 636 litteram
1035 594 1232 636 viderint
1264 608 1342 637 seu
1376 594 1633 637 audiverint
1663 595 1767 650 legi,
1802 595 1920 650 quod
1953 595 2006 636 de

382 664 679 720 superfluenti
720 665 876 720 gracia
917 665 1064 707 sancti
1105 664 1313 720 spiritus,
1357 666 1410 707 de
1453 678 1540 720 quo
1584 665 1729 708 omnis
1761 665 1931 707 veritas
1965 667 2007 706 et

386 735 531 777 honor
563 735 704 786 venit,
738 735 855 776 idem
891 735 1080 777 altenati
1112 735 1340 791 principes
1371 735 1518 778 nostri
1551 735 1720 777 domini
1751 749 1831 777 rex
1862 736 2007 778 Lodo-

382 805 507 847 vicus
517 805 553 859 ¹³)
579 806 632 847 de
655 805 799 847 Roma
833 808 876 847 et
909 807 998 848 dux
1021 806 1287 849 Fredericus
1311 807 1363 848 de
1384 806 1575 848 Austria
1598 806 1651 847 de
1673 806 1851 861 integro
1875 806 2008 848 corde

382 889 519 917 unam
552 880 819 931 perpetuam
860 876 1148 918 concordiam
1183 879 1226 918 et
1257 876 1481 932 integram
1515 876 1726 919 unionem
1759 877 1854 919 sine
1887 875 2010 918 omni

383 944 543 987 fraude
577 960 677 988 cum
710 947 888 1002 integro
922 946 1251 1002 compromisso
1286 950 1329 988 et
1361 960 1462 988 cum
1489 947 1650 989 iuratis
1673 946 1940 989 iuramentis
1963 946 2008 988 in

384 1029 466 1058 nos
500 1016 769 1071 simpliciter
801 1019 845 1058 et
877 1017 1050 1060 sincere
1084 1017 1507 1072 compromiserunt,
1541 1017 1606 1059 sic
1630 1018 1762 1072 quod,
1797 1016 2010 1072 quicquid

383 1100 466 1129 1105
483 1088 675 1142 desuper
692 1087 1159 1142 pronunciaverimus,
1176 1088 1263 1129 1100
1279 1087 1507 1143 integrum
1522 1090 1741 1143 perpetuo
1759 1087 2011 1129 remanebit

385 1160 428 1198 et
460 1157 652 1199 illesum.
716 1159 808 1200 Nos
840 1158 982 1213 igitur
1014 1158 1367 1213 pronunciamus
1400 1158 1569 1213 primo,
1604 1159 1723 1213 quod
1755 1158 1845 1213 ipsi
1877 1158 2009 1200 ambo

385 1228 481 1269 sedi
514 1228 715 1270 Romane
748 1229 941 1270 debeant
974 1242 1070 1271 esse
1103 1229 1362 1271 obedientes
1395 1229 1642 1271 secundum
1674 1230 1844 1269 rectam
1875 1228 2010 1270 fidem

385 1300 429 1339 et
451 1299 697 1340 secundum
731 1299 1026 1341 christianam
1059 1299 1430 1342 consuetudinem
1464 1302 1508 1340 et
1528 1299 1685 1340 iuvare
1710 1312 1761 1340 ac
1784 1311 2011 1354 apponere

386 1368 528 1410 eidem
571 1369 617 1409 in
660 1369 868 1412 omnibus
913 1370 1044 1412 iustis
1089 1370 1298 1425 causisa)
1361 1370 1419 1411 Et
1452 1370 1585 1411 debet
1615 1372 1770 1411 noster
1803 1369 2010 1411 dominus

386 1439 439 1480 de
461 1439 651 1481 Austria
685 1453 783 1481 cum
817 1440 994 1495 integro
1029 1444 1194 1482 conatu
1227 1444 1271 1482 et
1304 1454 1404 1483 cum
1438 1440 1688 1482 amicorum
1711 1439 1935 1482 adiutorio
1961 1453 2012 1481 ac

386 1509 573 1552 consilio
606 1510 816 1553 laborare
850 1525 932 1566 pro
967 1511 1207 1554 concordia
1233 1511 1352 1553 inter
1374 1514 1581 1553 nostrum
1605 1513 1812 1552 sanctum
1834 1513 2011 1566 patrem

386 1580 618 1622 dominum
651 1594 819 1636 papam
853 1585 897 1623 et
928 1596 1080 1637 regem
1113 1582 1393 1624 Ludovicum
1426 1583 1478 1623 de
1511 1582 1669 1632 Roma,
1704 1583 1748 1622 et
1780 1581 1912 1622 debet
1932 1594 2011 1622 rex

387 1651 440 1692 de
484 1651 749 1693 rationabili
794 1653 1034 1694 concordia
1079 1653 1335 1694 contentari
1379 1653 1624 1695 secundum
1665 1650 1812 1693 nostri
1844 1651 2014 1693 domini

388 1721 513 1764 ducis
532 1723 564 1763 F
568 1723 758 1764 rederici
776 1723 1027 1775 consilium,
1052 1726 1188 1779 prout
1211 1726 1425 1766 consueta
1450 1726 1493 1765 et
1514 1722 1806 1765 racionabilis
1826 1722 2012 1763 emenda

387 1794 595 1834 ostendet
637 1796 680 1834 et
722 1794 1067 1837 demonstrabit.
1131 1794 1283 1836 Etiam
1325 1794 1489 1836 debent
1520 1793 1610 1848 ipsi
1643 1795 1775 1835 ambo
1808 1793 2012 1835 Romano

386 1863 578 1918 imperio
597 1877 679 1906 sua
702 1864 803 1906 iura
827 1865 1060 1921 acquirere
1080 1869 1123 1907 et
1140 1868 1293 1907 tenere
1311 1878 1412 1906 cum
1430 1864 1552 1907 omni
1569 1864 1773 1920 ipsorum
1789 1863 2012 1919 potencia,

390 1936 432 1975 et
465 1934 549 1975 hoc
582 1934 698 1976 sicut
729 1935 830 1976 iura
862 1936 1056 1978 Romani
1087 1936 1267 1991 imperii
1298 1936 1509 1977 locuntur
1542 1937 1586 1976 et
1608 1935 1864 1986 ostendunt,
1898 1933 2015 1976 sicut

387 2004 475 2059 ipsi
521 2008 654 2046 antea
697 2007 1049 2061 promiserantss)
1095 2010 1138 2048 et
1182 2007 1462 2048 iuraverunt.
1526 2005 1675 2047 Etiam
1719 2005 1883 2047 debent
1925 2004 2015 2059 ipsi

386 2075 507 2117 inter
550 2079 692 2117 semet
735 2077 861 2131 ipsos
906 2078 1131 2132 integram
1184 2080 1227 2118 et
1278 2077 1447 2119 iustam
1501 2089 1659 2131 pacem
1701 2089 1752 2117 ac
1802 2075 2014 2117 unionem

389 2159 572 2188 servare
620 2160 762 2202 usque
807 2148 852 2189 in
896 2151 1090 2190 mortem
1132 2148 1336 2204 ipsorum
1378 2147 1614 2189 amborum
1650 2149 1693 2188 et
1725 2147 1810 2189 hoc
1841 2146 1887 2187 in
1920 2145 2014 2188 suis

390 2216 631 2260 heredibus
666 2218 929 2260 continuare
963 2222 1007 2260 et
1038 2219 1213 2260 nullum
1245 2217 1471 2260 hominem
1505 2218 1550 2258 in
1573 2217 1661 2259 isto
1684 2217 1849 2259 mundo
1873 2216 2014 2271 sequi,

390 2286 467 2341 qui
501 2300 575 2329 eos
608 2286 653 2328 in
687 2287 808 2329 dicta
832 2288 994 2330 unione
1017 2289 1166 2330 facere
1188 2288 1324 2330 vellet
1346 2302 1498 2330 errare
1521 2301 1601 2330 seu
1622 2287 1759 2329 vellet
1780 2286 2012 2342 impedire.

388 2356 448 2398 Et
490 2357 528 2399 51
568 2357 653 2399 ibit
695 2372 849 2400 eorum
882 2372 998 2402 unus
1033 2361 1089 2401 ad
1120 2362 1276 2415 partes
1310 2358 1511 2401 Gallicas
1545 2372 1623 2401 seu
1653 2357 1863 2410 Latinas,
1908 2360 2016 2398 tunc

391 2427 450 2470 sit
483 2427 598 2470 alius
631 2428 676 2469 in
699 2429 834 2471 terris
858 2429 1219 2484 Theoutonicisa)
1254 2430 1325 2471 vel
1358 2429 1504 2481 aliter,
1540 2429 1656 2471 sicut
1690 2428 1753 2471 eis
1785 2427 2013 2470 videbitur

392 2499 602 2554 expedire
635 2501 881 2541 secundum
913 2500 1014 2542 iura
1046 2501 1248 2542 Romane
1282 2500 1401 2543 sedis
1435 2503 1479 2541 et
1510 2499 1702 2555 imperii.
1766 2500 1823 2540 Et
1851 2498 2014 2542 eleccio

391 2569 445 2611 de
490 2570 763 2611 remanendo
776 2571 809 2624 ρ)
856 2570 902 2612 in
935 2571 1209 2612 Alamannia
1252 2572 1323 2613 vel
1368 2571 1500 2613 eundi
1542 2573 1672 2612 extra
1710 2570 1830 2625 apud
1863 2582 2015 2623 regem

390 2640 643 2695 predictum
687 2641 918 2683 residebit.
982 2641 1132 2683 Etiam
1177 2642 1340 2683 debent
1382 2641 1471 2696 ipsi
1502 2641 1545 2682 in
1580 2640 1785 2696 ipsorum
1816 2638 2014 2695 propriis

390 2711 525 2754 terris
560 2715 603 2753 et
628 2711 673 2753 in
696 2714 794 2753 tota
818 2712 1150 2754 christianitate
1174 2726 1270 2754 cum
1298 2711 1565 2767 corporibus
1591 2711 1795 2766 ipsorum
1817 2708 2015 2765 propriis

392 2786 435 2824 et
469 2782 675 2824 omnibus
708 2782 909 2838 ipsorum
944 2783 1202 2825 hominibus
1236 2782 1522 2825 concordiam
1557 2784 1601 2824 et
1622 2794 1781 2837 pacem
1803 2779 2015 2822 ordinare

393 2855 436 2895 et
467 2853 636 2895 iustum
668 2853 885 2895 iudicium
918 2866 1100 2896 servare
1133 2856 1176 2895 et
1209 2853 1412 2895 obtinere
1445 2852 1629 2894 cuilibet
1661 2854 1757 2894 toto
1790 2851 1892 2893 nisu
1919 2863 2012 2892 5110.

391 2924 541 2965 Ε11οι111
587 2925 750 2965 debent
792 2924 881 2979 ipsi
925 2925 1058 2965 ambo
1107 2923 1341 2978 ignoscere
1380 2923 1608 2975 omnibus,
1655 2922 1731 2977 qui
1763 2920 1913 2963 verbis
1946 2920 2015 2961 vel

535 3031 565 3073 b)
591 3030 635 3064 So
660 3030 747 3066 hier.
820 3032 847 3071 c)
874 3029 1084 3063 remanendo
1112 3028 1260 3062 Abschr.
