<?xml version="1.0" encoding="UTF-8"?>
<!DOCTYPE html PUBLIC "-//W3C//DTD XHTML 1.0 Transitional//EN"
    "http://www.w3.org/TR/xhtml1/DTD/xhtml1-transitional.dtd">
<html xmlns="http://www.w3.org/1999/xhtml" xml:lang="en" lang="en">
 <head>
  <title>
</title>
<meta http-equiv="Content-Type" content="text/html;charset=utf-8" />
  <meta name='ocr-system' content='tesseract 3.04.00' />
  <meta name='ocr-capabilities' content='ocr_page ocr_carea ocr_par ocr_line ocrx_word'/>
</head>
<body>
  <div class='ocr_page' id='page_1' title='image "./actaaragonensiaq02finkuoft_0066.png"; bbox 0 0 2296 3512; ppageno 0'>
   <div class='ocr_carea' id='block_1_1' title="bbox 471 423 2094 512">
    <p class='ocr_par' dir='ltr' id='par_1_1' title="bbox 471 423 2094 512">
     <span class='ocr_line' id='line_1_1' title="bbox 471 423 2094 512; baseline 0.002 -3"><span class='ocrx_word' id='word_1_1' title='bbox 471 424 586 509; x_wconf 89' lang='lat' dir='ltr'>X.</span> <span class='ocrx_word' id='word_1_2' title='bbox 658 423 1070 509; x_wconf 83' lang='lat' dir='ltr'>Berichte</span> <span class='ocrx_word' id='word_1_3' title='bbox 1124 452 1293 511; x_wconf 84' lang='lat' dir='ltr'>von</span> <span class='ocrx_word' id='word_1_4' title='bbox 1367 427 1523 511; x_wconf 87' lang='lat' dir='ltr'>der</span> <span class='ocrx_word' id='word_1_5' title='bbox 1597 426 1876 512; x_wconf 78' lang='lat' dir='ltr'>Kurie</span> <span class='ocrx_word' id='word_1_6' title='bbox 1935 454 2094 512; x_wconf 84' lang='lat' dir='ltr'>zur</span> 
     </span>
    </p>
   </div>
   <div class='ocr_carea' id='block_1_2' title="bbox 471 553 2089 769">
    <p class='ocr_par' dir='ltr' id='par_1_2' title="bbox 471 553 2089 769">
     <span class='ocr_line' id='line_1_2' title="bbox 471 553 2089 663; baseline 0.004 -24"><span class='ocrx_word' id='word_1_7' title='bbox 471 553 666 639; x_wconf 84' lang='lat' dir='ltr'>Zeit</span> <span class='ocrx_word' id='word_1_8' title='bbox 742 554 898 638; x_wconf 84' lang='lat' dir='ltr'>der</span> <span class='ocrx_word' id='word_1_9' title='bbox 958 553 1480 663; x_wconf 75' lang='lat' dir='ltr'>Eruberung</span> <span class='ocrx_word' id='word_1_10' title='bbox 1553 554 2089 646; x_wconf 69' lang='lat' dir='ltr'>Sardiniens</span> 
     </span>
     <span class='ocr_line' id='line_1_3' title="bbox 969 681 1584 769; baseline 0.002 -2"><span class='ocrx_word' id='word_1_11' title='bbox 969 681 1584 769; x_wconf 69' lang='lat'>1323—1326.</span> 
     </span>
    </p>
   </div>
   <div class='ocr_carea' id='block_1_3' title="bbox 467 975 2092 1314">
    <p class='ocr_par' dir='ltr' id='par_1_3' title="bbox 470 975 2091 1031">
     <span class='ocr_line' id='line_1_4' title="bbox 470 975 2091 1031; baseline 0.002 -15"><span class='ocrx_word' id='word_1_12' title='bbox 470 977 567 1017; x_wconf 77' lang='lat'><strong>372.</strong></span> <span class='ocrx_word' id='word_1_13' title='bbox 601 975 822 1019; x_wconf 68' lang='lat' dir='ltr'>Bischiife</span> <span class='ocrx_word' id='word_1_14' title='bbox 866 977 957 1019; x_wconf 80' lang='lat' dir='ltr'>und</span> <span class='ocrx_word' id='word_1_15' title='bbox 1001 976 1192 1019; x_wconf 71' lang='lat' dir='ltr'>Miinche</span> <span class='ocrx_word' id='word_1_16' title='bbox 1235 977 1330 1019; x_wconf 80' lang='lat' dir='ltr'>und</span> <span class='ocrx_word' id='word_1_17' title='bbox 1375 977 1450 1019; x_wconf 87' lang='lat' dir='ltr'>die</span> <span class='ocrx_word' id='word_1_18' title='bbox 1496 978 1772 1031; x_wconf 84' lang='lat' dir='ltr'>Eroberung</span> <span class='ocrx_word' id='word_1_19' title='bbox 1805 977 2091 1021; x_wconf 76' lang='lat' dir='ltr'>Sal-(liniens.</span> 
     </span>
    </p>

    <p class='ocr_par' dir='ltr' id='par_1_4' title="bbox 471 1045 2092 1102">
     <span class='ocr_line' id='line_1_5' title="bbox 471 1045 2092 1102; baseline 0 -12"><span class='ocrx_word' id='word_1_20' title='bbox 471 1045 724 1090; x_wconf 82' lang='lat' dir='ltr'>Schreiben</span> <span class='ocrx_word' id='word_1_21' title='bbox 777 1060 834 1088; x_wconf 82' lang='lat' dir='ltr'>an</span> <span class='ocrx_word' id='word_1_22' title='bbox 881 1048 1042 1102; x_wconf 63' lang='lat' dir='ltr'>Jayme</span> <span class='ocrx_word' id='word_1_23' title='bbox 1080 1048 1168 1089; x_wconf 86' lang='lat' dir='ltr'>IL:</span> <span class='ocrx_word' id='word_1_24' title='bbox 1223 1047 1262 1089; x_wconf 93' lang='lat' dir='ltr'>l.</span> <span class='ocrx_word' id='word_1_25' title='bbox 1311 1047 1510 1091; x_wconf 83' lang='lat' dir='ltr'>Bisehof</span> <span class='ocrx_word' id='word_1_26' title='bbox 1552 1048 1773 1090; x_wconf 83' lang='lat' dir='ltr'>Nikolaus</span> <span class='ocrx_word' id='word_1_27' title='bbox 1820 1060 1909 1091; x_wconf 75' lang='lat' dir='ltr'>von</span> <span class='ocrx_word' id='word_1_28' title='bbox 1957 1050 2092 1091; x_wconf 85' lang='lat' dir='ltr'>Bosa.</span> 
     </span>
    </p>

    <p class='ocr_par' dir='ltr' id='par_1_5' title="bbox 468 1117 2091 1172">
     <span class='ocr_line' id='line_1_6' title="bbox 468 1117 2091 1172; baseline 0.002 -14"><span class='ocrx_word' id='word_1_29' title='bbox 468 1117 509 1159; x_wconf 75' lang='lat'>2.</span> <span class='ocrx_word' id='word_1_30' title='bbox 532 1118 811 1159; x_wconf 82' lang='lat' dir='ltr'>Erzbischof</span> <span class='ocrx_word' id='word_1_31' title='bbox 828 1118 1073 1160; x_wconf 79' lang='lat' dir='ltr'>Thedisius</span> <span class='ocrx_word' id='word_1_32' title='bbox 1098 1130 1184 1160; x_wconf 83' lang='lat' dir='ltr'>von</span> <span class='ocrx_word' id='word_1_33' title='bbox 1206 1118 1391 1161; x_wconf 83' lang='lat' dir='ltr'>Torres.</span> <span class='ocrx_word' id='word_1_34' title='bbox 1438 1119 1479 1161; x_wconf 78' lang='lat'>3.</span> <span class='ocrx_word' id='word_1_35' title='bbox 1498 1119 1748 1161; x_wconf 78' lang='lat' dir='ltr'>Federieus</span> <span class='ocrx_word' id='word_1_36' title='bbox 1772 1119 1827 1160; x_wconf 87' lang='lat' dir='ltr'>de</span> <span class='ocrx_word' id='word_1_37' title='bbox 1848 1119 2091 1172; x_wconf 82' lang='lat' dir='ltr'>Fulgineo,</span> 
     </span>
    </p>

    <p class='ocr_par' dir='ltr' id='par_1_6' title="bbox 467 1187 2092 1314">
     <span class='ocr_line' id='line_1_7' title="bbox 467 1187 2092 1232; baseline 0 -1"><span class='ocrx_word' id='word_1_38' title='bbox 467 1188 769 1231; x_wconf 82' lang='lat' dir='ltr'>Beichtvater</span> <span class='ocrx_word' id='word_1_39' title='bbox 812 1188 891 1230; x_wconf 82' lang='lat' dir='ltr'>des</span> <span class='ocrx_word' id='word_1_40' title='bbox 935 1188 1086 1230; x_wconf 85' lang='lat' dir='ltr'>Iudex</span> <span class='ocrx_word' id='word_1_41' title='bbox 1126 1201 1214 1231; x_wconf 75' lang='lat' dir='ltr'>von</span> <span class='ocrx_word' id='word_1_42' title='bbox 1246 1189 1470 1231; x_wconf 80' lang='lat' dir='ltr'>Arborea.</span> <span class='ocrx_word' id='word_1_43' title='bbox 1532 1189 1575 1231; x_wconf 72' lang='lat'>4.</span> <span class='ocrx_word' id='word_1_44' title='bbox 1608 1189 1806 1232; x_wconf 80' lang='lat' dir='ltr'>Bisehof</span> <span class='ocrx_word' id='word_1_45' title='bbox 1841 1188 1892 1232; x_wconf 76' lang='lat' dir='ltr'>G.</span> <span class='ocrx_word' id='word_1_46' title='bbox 1925 1202 2014 1232; x_wconf 74' lang='lat' dir='ltr'>von</span> <span class='ocrx_word' id='word_1_47' title='bbox 2047 1187 2092 1232; x_wconf 83' lang='lat' dir='ltr'>S.</span> 
     </span>
     <span class='ocr_line' id='line_1_8' title="bbox 984 1258 1578 1314; baseline 0.002 -13"><span class='ocrx_word' id='word_1_48' title='bbox 984 1258 1162 1301; x_wconf 81' lang='lat' dir='ltr'>Giusta.</span> <span class='ocrx_word' id='word_1_49' title='bbox 1226 1259 1578 1314; x_wconf 65' lang='lat'>(1312—13232)</span> 
     </span>
    </p>
   </div>
   <div class='ocr_carea' id='block_1_4' title="bbox 466 1352 2094 2401">
    <p class='ocr_par' dir='ltr' id='par_1_7' title="bbox 466 1352 2094 1691">
     <span class='ocr_line' id='line_1_9' title="bbox 608 1352 2092 1397; baseline 0.001 -12"><span class='ocrx_word' id='word_1_50' title='bbox 608 1352 672 1385; x_wconf 90' lang='lat' dir='ltr'>Die</span> <span class='ocrx_word' id='word_1_51' title='bbox 688 1352 885 1386; x_wconf 75' lang='lat' dir='ltr'>Gesandten</span> <span class='ocrx_word' id='word_1_52' title='bbox 903 1364 982 1386; x_wconf 88' lang='lat' dir='ltr'>zum</span> <span class='ocrx_word' id='word_1_53' title='bbox 998 1353 1152 1386; x_wconf 74' lang='lat' dir='ltr'>Vienner</span> <span class='ocrx_word' id='word_1_54' title='bbox 1165 1352 1324 1395; x_wconf 72' lang='lat' dir='ltr'>Konzill)</span> <span class='ocrx_word' id='word_1_55' title='bbox 1343 1353 1575 1387; x_wconf 76' lang='lat' dir='ltr'>iibersandten</span> <span class='ocrx_word' id='word_1_56' title='bbox 1594 1354 1673 1386; x_wconf 87' lang='lat' dir='ltr'>dem</span> <span class='ocrx_word' id='word_1_57' title='bbox 1693 1353 1805 1397; x_wconf 73' lang='lat' dir='ltr'>Konig</span> <span class='ocrx_word' id='word_1_58' title='bbox 1823 1352 2092 1397; x_wconf 80' lang='lat' dir='ltr'>naehfolgendes</span> 
     </span>
     <span class='ocr_line' id='line_1_10' title="bbox 467 1411 2094 1453; baseline 0.001 -9"><span class='ocrx_word' id='word_1_59' title='bbox 467 1411 662 1445; x_wconf 82' lang='lat' dir='ltr'>Gutachten</span> <span class='ocrx_word' id='word_1_60' title='bbox 700 1411 794 1444; x_wconf 87' lang='lat' dir='ltr'>eines</span> <span class='ocrx_word' id='word_1_61' title='bbox 819 1411 980 1445; x_wconf 75' lang='lat' dir='ltr'>Bischofs</span> <span class='ocrx_word' id='word_1_62' title='bbox 1013 1419 1094 1451; x_wconf 80' lang='lat' dir='ltr'>(von</span> <span class='ocrx_word' id='word_1_63' title='bbox 1121 1412 1222 1453; x_wconf 79' lang='lat' dir='ltr'>Bosa)</span> <span class='ocrx_word' id='word_1_64' title='bbox 1249 1412 1336 1445; x_wconf 75' lang='lat' dir='ltr'>uber</span> <span class='ocrx_word' id='word_1_65' title='bbox 1361 1413 1458 1446; x_wconf 85' lang='lat' dir='ltr'>Land</span> <span class='ocrx_word' id='word_1_66' title='bbox 1485 1413 1556 1446; x_wconf 84' lang='lat' dir='ltr'>und</span> <span class='ocrx_word' id='word_1_67' title='bbox 1582 1412 1691 1446; x_wconf 83' lang='lat' dir='ltr'>Leute</span> <span class='ocrx_word' id='word_1_68' title='bbox 1717 1412 1752 1445; x_wconf 88' lang='lat' dir='ltr'>in</span> <span class='ocrx_word' id='word_1_69' title='bbox 1777 1412 1970 1448; x_wconf 73' lang='lat' dir='ltr'>Sardinien.</span> <span class='ocrx_word' id='word_1_70' title='bbox 2021 1413 2094 1446; x_wconf 90' lang='lat' dir='ltr'>Der</span> 
     </span>
     <span class='ocr_line' id='line_1_11' title="bbox 467 1470 2090 1515; baseline 0.001 -11"><span class='ocrx_word' id='word_1_71' title='bbox 467 1470 610 1504; x_wconf 82' lang='lat' dir='ltr'>Bischof</span> <span class='ocrx_word' id='word_1_72' title='bbox 637 1480 703 1503; x_wconf 80' lang='lat' dir='ltr'>von</span> <span class='ocrx_word' id='word_1_73' title='bbox 720 1470 811 1504; x_wconf 82' lang='lat' dir='ltr'>Bosa</span> <span class='ocrx_word' id='word_1_74' title='bbox 836 1471 894 1503; x_wconf 82' lang='lat' dir='ltr'>hat</span> <span class='ocrx_word' id='word_1_75' title='bbox 919 1476 1052 1514; x_wconf 68' lang='lat' dir='ltr'>gesagt:</span> <span class='ocrx_word' id='word_1_76' title='bbox 1080 1470 1159 1514; x_wconf 76' lang='lat' dir='ltr'>quel</span> <span class='ocrx_word' id='word_1_77' title='bbox 1184 1471 1298 1505; x_wconf 60' lang='lat' dir='ltr'>movia</span> <span class='ocrx_word' id='word_1_78' title='bbox 1324 1477 1465 1515; x_wconf 74' lang='lat' dir='ltr'>aaquest</span> <span class='ocrx_word' id='word_1_79' title='bbox 1491 1472 1541 1505; x_wconf 76' lang='lat' dir='ltr'>fet</span> <span class='ocrx_word' id='word_1_80' title='bbox 1568 1482 1585 1505; x_wconf 91' lang='lat' dir='ltr'>e</span> <span class='ocrx_word' id='word_1_81' title='bbox 1612 1471 1881 1515; x_wconf 71' lang='lat' dir='ltr'>principalment</span> <span class='ocrx_word' id='word_1_82' title='bbox 1907 1471 1975 1505; x_wconf 89' lang='lat' dir='ltr'>bon</span> <span class='ocrx_word' id='word_1_83' title='bbox 2002 1474 2090 1506; x_wconf 83' lang='lat' dir='ltr'>esta-</span> 
     </span>
     <span class='ocr_line' id='line_1_12' title="bbox 466 1529 2094 1574; baseline 0.002 -12"><span class='ocrx_word' id='word_1_84' title='bbox 466 1532 563 1562; x_wconf 84' lang='lat' dir='ltr'>ment</span> <span class='ocrx_word' id='word_1_85' title='bbox 589 1529 630 1562; x_wconf 88' lang='lat' dir='ltr'>de</span> <span class='ocrx_word' id='word_1_86' title='bbox 656 1529 688 1562; x_wconf 88' lang='lat' dir='ltr'>la</span> <span class='ocrx_word' id='word_1_87' title='bbox 713 1532 817 1572; x_wconf 60' lang='lat' dir='ltr'>terra,</span> <span class='ocrx_word' id='word_1_88' title='bbox 844 1530 957 1563; x_wconf 79' lang='lat' dir='ltr'>haven</span> <span class='ocrx_word' id='word_1_89' title='bbox 977 1530 1021 1564; x_wconf 82' lang='lat' dir='ltr'>fe.</span> <span class='ocrx_word' id='word_1_90' title='bbox 1050 1541 1126 1573; x_wconf 71' lang='lat' dir='ltr'>que.</span> <span class='ocrx_word' id='word_1_91' title='bbox 1154 1531 1181 1564; x_wconf 76' lang='lat' dir='ltr'>si</span> <span class='ocrx_word' id='word_1_92' title='bbox 1200 1530 1302 1564; x_wconf 77' lang='lat' dir='ltr'>venia</span> <span class='ocrx_word' id='word_1_93' title='bbox 1321 1541 1363 1564; x_wconf 89' lang='lat' dir='ltr'>en</span> <span class='ocrx_word' id='word_1_94' title='bbox 1383 1538 1517 1564; x_wconf 64' lang='lat' dir='ltr'>vostres</span> <span class='ocrx_word' id='word_1_95' title='bbox 1534 1541 1645 1564; x_wconf 81' lang='lat' dir='ltr'>mans.</span> <span class='ocrx_word' id='word_1_96' title='bbox 1673 1541 1739 1574; x_wconf 75' lang='lat' dir='ltr'>que</span> <span class='ocrx_word' id='word_1_97' title='bbox 1759 1530 1786 1563; x_wconf 66' lang='lat' dir='ltr'>si</span> <span class='ocrx_word' id='word_1_98' title='bbox 1806 1531 1940 1564; x_wconf 69' lang='lat' dir='ltr'>tendiia</span> <span class='ocrx_word' id='word_1_99' title='bbox 1957 1531 2094 1565; x_wconf 81' lang='lat' dir='ltr'>iusticia</span> 
     </span>
     <span class='ocr_line' id='line_1_13' title="bbox 466 1587 2091 1634; baseline 0.001 -13"><span class='ocrx_word' id='word_1_100' title='bbox 466 1598 484 1621; x_wconf 87' lang='lat' dir='ltr'>e</span> <span class='ocrx_word' id='word_1_101' title='bbox 510 1587 607 1631; x_wconf 78' lang='lat' dir='ltr'>queis</span> <span class='ocrx_word' id='word_1_102' title='bbox 632 1588 747 1622; x_wconf 73' lang='lat' dir='ltr'>serien</span> <span class='ocrx_word' id='word_1_103' title='bbox 773 1595 971 1622; x_wconf 77' lang='lat' dir='ltr'>conservats</span> <span class='ocrx_word' id='word_1_104' title='bbox 997 1588 1068 1623; x_wconf 53' lang='grc'>1111»-</span> <span class='ocrx_word' id='word_1_105' title='bbox 1094 1590 1187 1623; x_wconf 81' lang='lat' dir='ltr'>drets</span> <span class='ocrx_word' id='word_1_106' title='bbox 1214 1601 1231 1622; x_wconf 84' lang='lat' dir='ltr'>e</span> <span class='ocrx_word' id='word_1_107' title='bbox 1259 1600 1324 1634; x_wconf 77' lang='lat' dir='ltr'>que</span> <span class='ocrx_word' id='word_1_108' title='bbox 1351 1594 1511 1633; x_wconf 66' lang='lat' dir='ltr'>aqu-estes</span> <span class='ocrx_word' id='word_1_109' title='bbox 1544 1590 1669 1623; x_wconf 71' lang='lat' dir='ltr'>rahons</span> <span class='ocrx_word' id='word_1_110' title='bbox 1696 1590 1822 1623; x_wconf 78' lang='lat' dir='ltr'>havien</span> <span class='ocrx_word' id='word_1_111' title='bbox 1848 1592 1985 1633; x_wconf 71' lang='lat' dir='ltr'>moguts</span> <span class='ocrx_word' id='word_1_112' title='bbox 2010 1600 2091 1632; x_wconf 75' lang='lat' dir='ltr'>aaco</span> 
     </span>
     <span class='ocr_line' id='line_1_14' title="bbox 466 1646 2087 1691; baseline 0.001 -11"><span class='ocrx_word' id='word_1_113' title='bbox 466 1646 516 1680; x_wconf 69' lang='lat' dir='ltr'>los</span> <span class='ocrx_word' id='word_1_114' title='bbox 541 1646 646 1681; x_wconf 83' lang='lat' dir='ltr'>altres</span> <span class='ocrx_word' id='word_1_115' title='bbox 677 1647 790 1681; x_wconf 77' lang='lat' dir='ltr'>bisbes</span> <span class='ocrx_word' id='word_1_116' title='bbox 817 1648 857 1681; x_wconf 84' lang='lat' dir='ltr'>de</span> <span class='ocrx_word' id='word_1_117' title='bbox 883 1647 916 1681; x_wconf 88' lang='lat' dir='ltr'>la</span> <span class='ocrx_word' id='word_1_118' title='bbox 945 1659 1006 1681; x_wconf 85' lang='lat' dir='ltr'>sua</span> <span class='ocrx_word' id='word_1_119' title='bbox 1032 1648 1210 1691; x_wconf 83' lang='lat' dir='ltr'>provincia</span> <span class='ocrx_word' id='word_1_120' title='bbox 1237 1676 1243 1681; x_wconf 91' lang='lat'>.</span> <span class='ocrx_word' id='word_1_121' title='bbox 1273 1677 1278 1682; x_wconf 95' lang='lat'>.</span> <span class='ocrx_word' id='word_1_122' title='bbox 1309 1676 1314 1682; x_wconf 95' lang='lat'>.</span> <span class='ocrx_word' id='word_1_123' title='bbox 1366 1648 1478 1682; x_wconf 83' lang='lat' dir='ltr'>Scrita</span> <span class='ocrx_word' id='word_1_124' title='bbox 1510 1660 1554 1682; x_wconf 86' lang='lat' dir='ltr'>en</span> <span class='ocrx_word' id='word_1_125' title='bbox 1579 1648 1691 1681; x_wconf 75' lang='lat' dir='ltr'>Viana</span> <span class='ocrx_word' id='word_1_126' title='bbox 1716 1648 1870 1682; x_wconf 75' lang='lat' dir='ltr'>kalendis</span> <span class='ocrx_word' id='word_1_127' title='bbox 1896 1647 2087 1682; x_wconf 72' lang='lat' dir='ltr'>Februarii.</span> 
     </span>
    </p>

    <p class='ocr_par' dir='ltr' id='par_1_8' title="bbox 467 1707 2094 2401">
     <span class='ocr_line' id='line_1_15' title="bbox 612 1707 2093 1763; baseline 0.001 -15"><span class='ocrx_word' id='word_1_128' title='bbox 612 1710 647 1748; x_wconf 81' lang='lat'>1.</span> <span class='ocrx_word' id='word_1_129' title='bbox 670 1707 883 1750; x_wconf 84' lang='lat' dir='ltr'>Nicolaus</span> <span class='ocrx_word' id='word_1_130' title='bbox 903 1708 1140 1763; x_wconf 77' lang='lat' dir='ltr'>e1;›iscopus</span> <span class='ocrx_word' id='word_1_131' title='bbox 1155 1709 1361 1751; x_wconf 78' lang='lat' dir='ltr'>Bosanus</span> <span class='ocrx_word' id='word_1_132' title='bbox 1380 1708 1595 1751; x_wconf 74' lang='lat' dir='ltr'>describit</span> <span class='ocrx_word' id='word_1_133' title='bbox 1612 1708 1755 1760; x_wconf 74' lang='lat' dir='ltr'>vobis,</span> <span class='ocrx_word' id='word_1_134' title='bbox 1777 1708 1955 1750; x_wconf 88' lang='lat' dir='ltr'>domine</span> <span class='ocrx_word' id='word_1_135' title='bbox 1976 1708 2093 1763; x_wconf 87' lang='lat' dir='ltr'>epis-</span> 
     </span>
     <span class='ocr_line' id='line_1_16' title="bbox 469 1777 2093 1834; baseline 0.002 -16"><span class='ocrx_word' id='word_1_136' title='bbox 469 1790 577 1833; x_wconf 87' lang='lat' dir='ltr'>cope</span> <span class='ocrx_word' id='word_1_137' title='bbox 610 1777 863 1831; x_wconf 73' lang='lat' dir='ltr'>Valentine,</span> <span class='ocrx_word' id='word_1_138' title='bbox 904 1780 1089 1821; x_wconf 88' lang='lat' dir='ltr'>modum</span> <span class='ocrx_word' id='word_1_139' title='bbox 1133 1782 1175 1821; x_wconf 90' lang='lat' dir='ltr'>et</span> <span class='ocrx_word' id='word_1_140' title='bbox 1220 1779 1352 1830; x_wconf 74' lang='lat' dir='ltr'>viam,</span> <span class='ocrx_word' id='word_1_141' title='bbox 1399 1793 1479 1834; x_wconf 86' lang='lat' dir='ltr'>per</span> <span class='ocrx_word' id='word_1_142' title='bbox 1522 1792 1657 1834; x_wconf 82' lang='lat' dir='ltr'>quam</span> <span class='ocrx_word' id='word_1_143' title='bbox 1698 1779 1844 1834; x_wconf 77' lang='lat' dir='ltr'>possit</span> <span class='ocrx_word' id='word_1_144' title='bbox 1885 1778 2093 1822; x_wconf 87' lang='lat' dir='ltr'>dominus</span> 
     </span>
     <span class='ocr_line' id='line_1_17' title="bbox 467 1849 2093 1903; baseline 0.001 -13"><span class='ocrx_word' id='word_1_145' title='bbox 467 1862 547 1890; x_wconf 75' lang='lat' dir='ltr'>rex</span> <span class='ocrx_word' id='word_1_146' title='bbox 581 1849 814 1903; x_wconf 79' lang='lat' dir='ltr'>acquirere</span> <span class='ocrx_word' id='word_1_147' title='bbox 862 1854 1033 1891; x_wconf 86' lang='lat' dir='ltr'>terram</span> <span class='ocrx_word' id='word_1_148' title='bbox 1068 1849 1287 1892; x_wconf 86' lang='lat' dir='ltr'>Sardinie.</span> <span class='ocrx_word' id='word_1_149' title='bbox 1350 1851 1550 1892; x_wconf 74' lang='lat' dir='ltr'>Intendit</span> <span class='ocrx_word' id='word_1_150' title='bbox 1589 1850 1744 1892; x_wconf 84' lang='lat' dir='ltr'>taliter</span> <span class='ocrx_word' id='word_1_151' title='bbox 1791 1850 2002 1892; x_wconf 84' lang='lat' dir='ltr'>ordinare</span> <span class='ocrx_word' id='word_1_152' title='bbox 2050 1853 2093 1891; x_wconf 86' lang='lat' dir='ltr'>et</span> 
     </span>
     <span class='ocr_line' id='line_1_18' title="bbox 467 1918 2093 1977; baseline 0 -16"><span class='ocrx_word' id='word_1_153' title='bbox 467 1918 633 1965; x_wconf 75' lang='lat' dir='ltr'>facere,</span> <span class='ocrx_word' id='word_1_154' title='bbox 691 1920 810 1974; x_wconf 84' lang='lat' dir='ltr'>quod</span> <span class='ocrx_word' id='word_1_155' title='bbox 858 1934 1012 1963; x_wconf 81' lang='lat' dir='ltr'>onmes</span> <span class='ocrx_word' id='word_1_156' title='bbox 1062 1921 1263 1976; x_wconf 77' lang='lat' dir='ltr'>episcopi</span> <span class='ocrx_word' id='word_1_157' title='bbox 1309 1921 1540 1977; x_wconf 76' lang='lat' dir='ltr'>provincie</span> <span class='ocrx_word' id='word_1_158' title='bbox 1573 1920 1810 1962; x_wconf 86' lang='lat' dir='ltr'>Turritane</span> <span class='ocrx_word' id='word_1_159' title='bbox 1855 1934 1944 1962; x_wconf 89' lang='lat' dir='ltr'>una</span> <span class='ocrx_word' id='word_1_160' title='bbox 1993 1933 2093 1962; x_wconf 89' lang='lat' dir='ltr'>cum</span> 
     </span>
     <span class='ocr_line' id='line_1_19' title="bbox 469 1990 2093 2046; baseline 0.001 -15"><span class='ocrx_word' id='word_1_161' title='bbox 469 1990 808 2046; x_wconf 81' lang='lat' dir='ltr'>archiepiscopo</span> <span class='ocrx_word' id='word_1_162' title='bbox 871 1992 1151 2034; x_wconf 80' lang='lat' dir='ltr'>consentient</span> <span class='ocrx_word' id='word_1_163' title='bbox 1212 1992 1258 2033; x_wconf 91' lang='lat' dir='ltr'>in</span> <span class='ocrx_word' id='word_1_164' title='bbox 1312 1992 1533 2034; x_wconf 84' lang='lat' dir='ltr'>tradendo</span> <span class='ocrx_word' id='word_1_165' title='bbox 1589 2005 1667 2033; x_wconf 84' lang='lat' dir='ltr'>seu</span> <span class='ocrx_word' id='word_1_166' title='bbox 1721 1992 1868 2033; x_wconf 85' lang='lat' dir='ltr'>dando</span> <span class='ocrx_word' id='word_1_167' title='bbox 1922 1994 2093 2032; x_wconf 84' lang='lat' dir='ltr'>terram</span> 
     </span>
     <span class='ocr_line' id='line_1_20' title="bbox 469 2059 2094 2117; baseline 0 -15"><span class='ocrx_word' id='word_1_168' title='bbox 469 2059 661 2103; x_wconf 83' lang='lat' dir='ltr'>Sassari.</span> <span class='ocrx_word' id='word_1_169' title='bbox 725 2062 781 2103; x_wconf 87' lang='lat' dir='ltr'>Et</span> <span class='ocrx_word' id='word_1_170' title='bbox 824 2062 973 2109; x_wconf 73' lang='lat' dir='ltr'>etiam,</span> <span class='ocrx_word' id='word_1_171' title='bbox 1021 2063 1140 2117; x_wconf 84' lang='lat' dir='ltr'>quod</span> <span class='ocrx_word' id='word_1_172' title='bbox 1181 2062 1283 2117; x_wconf 84' lang='lat' dir='ltr'>plus</span> <span class='ocrx_word' id='word_1_173' title='bbox 1328 2064 1406 2110; x_wconf 62' lang='lat' dir='ltr'>est,</span> <span class='ocrx_word' id='word_1_174' title='bbox 1452 2063 1571 2117; x_wconf 81' lang='lat' dir='ltr'>quod</span> <span class='ocrx_word' id='word_1_175' title='bbox 1608 2061 1811 2103; x_wconf 80' lang='lat' dir='ltr'>homines</span> <span class='ocrx_word' id='word_1_176' title='bbox 1845 2061 2094 2104; x_wconf 83' lang='lat' dir='ltr'>consiliarii</span> 
     </span>
     <span class='ocr_line' id='line_1_21' title="bbox 469 2132 2092 2188; baseline 0.001 -16"><span class='ocrx_word' id='word_1_177' title='bbox 469 2136 511 2173; x_wconf 88' lang='lat' dir='ltr'>et</span> <span class='ocrx_word' id='word_1_178' title='bbox 555 2132 750 2174; x_wconf 85' lang='lat' dir='ltr'>maiores</span> <span class='ocrx_word' id='word_1_179' title='bbox 800 2132 933 2176; x_wconf 85' lang='lat' dir='ltr'>huius</span> <span class='ocrx_word' id='word_1_180' title='bbox 975 2136 1095 2174; x_wconf 89' lang='lat' dir='ltr'>terre</span> <span class='ocrx_word' id='word_1_181' title='bbox 1137 2134 1338 2188; x_wconf 77' lang='lat' dir='ltr'>predicte</span> <span class='ocrx_word' id='word_1_182' title='bbox 1385 2133 1566 2174; x_wconf 75' lang='lat' dir='ltr'>mittent</span> <span class='ocrx_word' id='word_1_183' title='bbox 1605 2132 1805 2174; x_wconf 76' lang='lat' dir='ltr'>litteram</span> <span class='ocrx_word' id='word_1_184' title='bbox 1844 2132 2092 2187; x_wconf 75' lang='lat' dir='ltr'>sigillatam</span> 
     </span>
     <span class='ocr_line' id='line_1_22' title="bbox 468 2202 2089 2259; baseline 0 -15"><span class='ocrx_word' id='word_1_185' title='bbox 468 2202 618 2257; x_wconf 81' lang='lat' dir='ltr'>sigillo</span> <span class='ocrx_word' id='word_1_186' title='bbox 664 2203 862 2245; x_wconf 66' lang='lat' dir='ltr'>cixitatis</span> <span class='ocrx_word' id='word_1_187' title='bbox 902 2204 954 2245; x_wconf 88' lang='lat' dir='ltr'>de</span> <span class='ocrx_word' id='word_1_188' title='bbox 988 2217 1209 2247; x_wconf 86' lang='lat' dir='ltr'>consensu</span> <span class='ocrx_word' id='word_1_189' title='bbox 1240 2205 1443 2259; x_wconf 85' lang='lat' dir='ltr'>ipsorum</span> <span class='ocrx_word' id='word_1_190' title='bbox 1477 2204 1530 2245; x_wconf 88' lang='lat' dir='ltr'>de</span> <span class='ocrx_word' id='word_1_191' title='bbox 1563 2203 1825 2259; x_wconf 85' lang='lat' dir='ltr'>recepcione</span> <span class='ocrx_word' id='word_1_192' title='bbox 1857 2203 1978 2258; x_wconf 85' lang='lat' dir='ltr'>regis</span> <span class='ocrx_word' id='word_1_193' title='bbox 2013 2237 2020 2244; x_wconf 91' lang='lat'><strong><em>.</em></strong></span> <span class='ocrx_word' id='word_1_194' title='bbox 2047 2237 2055 2244; x_wconf 90' lang='lat'><strong>.</strong></span> <span class='ocrx_word' id='word_1_195' title='bbox 2082 2237 2089 2244; x_wconf 92' lang='lat'><strong>.</strong></span> 
     </span>
     <span class='ocr_line' id='line_1_23' title="bbox 468 2273 2092 2330; baseline -0.001 -14"><span class='ocrx_word' id='word_1_196' title='bbox 468 2274 623 2316; x_wconf 85' lang='lat' dir='ltr'>Mittat</span> <span class='ocrx_word' id='word_1_197' title='bbox 664 2288 803 2316; x_wconf 91' lang='lat' dir='ltr'>unum</span> <span class='ocrx_word' id='word_1_198' title='bbox 842 2275 1009 2317; x_wconf 86' lang='lat' dir='ltr'>bonum</span> <span class='ocrx_word' id='word_1_199' title='bbox 1049 2275 1337 2330; x_wconf 78' lang='lat' dir='ltr'>capitaneum</span> <span class='ocrx_word' id='word_1_200' title='bbox 1370 2278 1412 2317; x_wconf 84' lang='lat' dir='ltr'>et</span> <span class='ocrx_word' id='word_1_201' title='bbox 1445 2275 1697 2330; x_wconf 81' lang='lat' dir='ltr'>sapientem</span> <span class='ocrx_word' id='word_1_202' title='bbox 1730 2288 1830 2316; x_wconf 85' lang='lat' dir='ltr'>cum</span> <span class='ocrx_word' id='word_1_203' title='bbox 1863 2273 2092 2329; x_wconf 81' lang='lat' dir='ltr'>sexgentis</span> 
     </span>
     <span class='ocr_line' id='line_1_24' title="bbox 467 2344 2090 2401; baseline 0.001 -16"><span class='ocrx_word' id='word_1_204' title='bbox 467 2344 687 2387; x_wconf 76' lang='lat' dir='ltr'>militibus</span> <span class='ocrx_word' id='word_1_205' title='bbox 731 2348 773 2387; x_wconf 91' lang='lat' dir='ltr'>et</span> <span class='ocrx_word' id='word_1_206' title='bbox 819 2359 919 2387; x_wconf 91' lang='lat' dir='ltr'>cum</span> <span class='ocrx_word' id='word_1_207' title='bbox 960 2346 1108 2388; x_wconf 85' lang='lat' dir='ltr'>tribus</span> <span class='ocrx_word' id='word_1_208' title='bbox 1148 2346 1332 2388; x_wconf 87' lang='lat' dir='ltr'>milibus</span> <span class='ocrx_word' id='word_1_209' title='bbox 1366 2346 1569 2401; x_wconf 81' lang='lat' dir='ltr'>peditum</span> <span class='ocrx_word' id='word_1_210' title='bbox 1608 2350 1701 2386; x_wconf 91' lang='lat' dir='ltr'>tam</span> <span class='ocrx_word' id='word_1_211' title='bbox 1734 2345 2090 2397; x_wconf 76' lang='lat' dir='ltr'>balistariorum,</span> 
     </span>
    </p>
   </div>
   <div class='ocr_carea' id='block_1_5' title="bbox 467 2414 2090 2613">
    <p class='ocr_par' dir='ltr' id='par_1_9' title="bbox 467 2414 2090 2613">
     <span class='ocr_line' id='line_1_25' title="bbox 468 2414 2090 2471; baseline 0.001 -15"><span class='ocrx_word' id='word_1_212' title='bbox 468 2418 562 2457; x_wconf 88' lang='lat' dir='ltr'>tam</span> <span class='ocrx_word' id='word_1_213' title='bbox 603 2415 935 2458; x_wconf 79' lang='lat' dir='ltr'>lanceariorum</span> <span class='ocrx_word' id='word_1_214' title='bbox 977 2451 984 2457; x_wconf 94' lang='lat'><em>.</em></span> <span class='ocrx_word' id='word_1_215' title='bbox 1021 2451 1028 2457; x_wconf 93' lang='lat'><strong>.</strong></span> <span class='ocrx_word' id='word_1_216' title='bbox 1065 2451 1073 2458; x_wconf 88' lang='lat'>.</span> <span class='ocrx_word' id='word_1_217' title='bbox 1113 2417 1169 2458; x_wconf 89' lang='lat' dir='ltr'>Et</span> <span class='ocrx_word' id='word_1_218' title='bbox 1211 2417 1364 2458; x_wconf 81' lang='lat' dir='ltr'>veniat</span> <span class='ocrx_word' id='word_1_219' title='bbox 1408 2430 1524 2458; x_wconf 87' lang='lat' dir='ltr'>unus</span> <span class='ocrx_word' id='word_1_220' title='bbox 1567 2416 1745 2471; x_wconf 81' lang='lat' dir='ltr'>legatus</span> <span class='ocrx_word' id='word_1_221' title='bbox 1787 2450 1794 2457; x_wconf 92' lang='lat'><strong>.</strong></span> <span class='ocrx_word' id='word_1_222' title='bbox 1832 2450 1839 2457; x_wconf 92' lang='lat'>.</span> <span class='ocrx_word' id='word_1_223' title='bbox 1876 2450 1883 2456; x_wconf 94' lang='lat'><em>.</em></span> <span class='ocrx_word' id='word_1_224' title='bbox 1923 2414 2090 2458; x_wconf 83' lang='lat' dir='ltr'>Gentes</span> 
     </span>
     <span class='ocr_line' id='line_1_26' title="bbox 467 2485 1860 2529; baseline 0.001 -3"><span class='ocrx_word' id='word_1_225' title='bbox 467 2485 589 2528; x_wconf 86' lang='lat' dir='ltr'>illius</span> <span class='ocrx_word' id='word_1_226' title='bbox 623 2486 767 2529; x_wconf 88' lang='lat' dir='ltr'>insule</span> <span class='ocrx_word' id='word_1_227' title='bbox 800 2486 994 2529; x_wconf 89' lang='lat' dir='ltr'>multum</span> <span class='ocrx_word' id='word_1_228' title='bbox 1027 2488 1189 2529; x_wconf 88' lang='lat' dir='ltr'>timent</span> <span class='ocrx_word' id='word_1_229' title='bbox 1221 2486 1738 2529; x_wconf 76' lang='lat' dir='ltr'>excommunicacionem</span> <span class='ocrx_word' id='word_1_230' title='bbox 1772 2520 1779 2527; x_wconf 93' lang='lat'><em>.</em></span> <span class='ocrx_word' id='word_1_231' title='bbox 1811 2520 1818 2527; x_wconf 93' lang='lat'><strong>.</strong></span> <span class='ocrx_word' id='word_1_232' title='bbox 1853 2520 1860 2527; x_wconf 95' lang='lat'><strong>.</strong></span> 
     </span>
     <span class='ocr_line' id='line_1_27' title="bbox 610 2557 2090 2613; baseline 0.001 -16"><span class='ocrx_word' id='word_1_233' title='bbox 610 2559 647 2598; x_wconf 72' lang='lat'>2.</span> <span class='ocrx_word' id='word_1_234' title='bbox 699 2590 706 2597; x_wconf 89' lang='lat'><strong>.</strong></span> <span class='ocrx_word' id='word_1_235' title='bbox 737 2590 744 2597; x_wconf 93' lang='lat'><strong>.</strong></span> <span class='ocrx_word' id='word_1_236' title='bbox 775 2591 782 2598; x_wconf 90' lang='lat'><strong>.</strong></span> <span class='ocrx_word' id='word_1_237' title='bbox 817 2557 1070 2612; x_wconf 81' lang='lat' dir='ltr'>Faciente2)</span> <span class='ocrx_word' id='word_1_238' title='bbox 1104 2558 1258 2600; x_wconf 86' lang='lat' dir='ltr'>divina</span> <span class='ocrx_word' id='word_1_239' title='bbox 1290 2558 1445 2613; x_wconf 80' lang='lat' dir='ltr'>gracia</span> <span class='ocrx_word' id='word_1_240' title='bbox 1477 2558 1733 2613; x_wconf 83' lang='lat' dir='ltr'>predictum</span> <span class='ocrx_word' id='word_1_241' title='bbox 1765 2557 1996 2612; x_wconf 85' lang='lat' dir='ltr'>negotium</span> <span class='ocrx_word' id='word_1_242' title='bbox 2033 2557 2090 2598; x_wconf 86' lang='lat' dir='ltr'>ad</span> 
     </span>
    </p>
   </div>
   <div class='ocr_carea' id='block_1_6' title="bbox 467 2626 2090 2825">
    <p class='ocr_par' dir='ltr' id='par_1_10' title="bbox 467 2626 2090 2825">
     <span class='ocr_line' id='line_1_28' title="bbox 467 2626 2089 2684; baseline 0 -16"><span class='ocrx_word' id='word_1_243' title='bbox 467 2626 602 2668; x_wconf 87' lang='lat' dir='ltr'>finem</span> <span class='ocrx_word' id='word_1_244' title='bbox 648 2628 912 2670; x_wconf 83' lang='lat' dir='ltr'>deduximus</span> <span class='ocrx_word' id='word_1_245' title='bbox 960 2629 1273 2684; x_wconf 86' lang='lat' dir='ltr'>perobtatum:</span> <span class='ocrx_word' id='word_1_246' title='bbox 1334 2629 1416 2671; x_wconf 87' lang='lat' dir='ltr'>Est</span> <span class='ocrx_word' id='word_1_247' title='bbox 1460 2629 1578 2670; x_wconf 89' lang='lat' dir='ltr'>enim</span> <span class='ocrx_word' id='word_1_248' title='bbox 1621 2642 1703 2683; x_wconf 87' lang='lat' dir='ltr'>per</span> <span class='ocrx_word' id='word_1_249' title='bbox 1748 2641 1819 2669; x_wconf 90' lang='lat' dir='ltr'>me</span> <span class='ocrx_word' id='word_1_250' title='bbox 1853 2630 1897 2669; x_wconf 89' lang='lat' dir='ltr'>et</span> <span class='ocrx_word' id='word_1_251' title='bbox 1928 2626 2089 2669; x_wconf 77' lang='lat' dir='ltr'>suffra-</span> 
     </span>
     <span class='ocr_line' id='line_1_29' title="bbox 469 2697 2090 2755; baseline -0.001 -16"><span class='ocrx_word' id='word_1_252' title='bbox 469 2710 639 2752; x_wconf 87' lang='lat' dir='ltr'>ganeos</span> <span class='ocrx_word' id='word_1_253' title='bbox 672 2698 900 2753; x_wconf 84' lang='lat' dir='ltr'>predictos</span> <span class='ocrx_word' id='word_1_254' title='bbox 933 2700 1044 2741; x_wconf 88' lang='lat' dir='ltr'>adeo</span> <span class='ocrx_word' id='word_1_255' title='bbox 1079 2702 1387 2755; x_wconf 74' lang='lat' dir='ltr'>procuratum,</span> <span class='ocrx_word' id='word_1_256' title='bbox 1423 2700 1543 2754; x_wconf 86' lang='lat' dir='ltr'>quod</span> <span class='ocrx_word' id='word_1_257' title='bbox 1567 2699 1697 2741; x_wconf 87' lang='lat' dir='ltr'>vobis</span> <span class='ocrx_word' id='word_1_258' title='bbox 1728 2697 2010 2740; x_wconf 85' lang='lat' dir='ltr'>venientibus</span> <span class='ocrx_word' id='word_1_259' title='bbox 2043 2697 2090 2739; x_wconf 86' lang='lat' dir='ltr'>in</span> 
     </span>
     <span class='ocr_line' id='line_1_30' title="bbox 469 2766 2090 2825; baseline -0.001 -15"><span class='ocrx_word' id='word_1_260' title='bbox 469 2766 736 2810; x_wconf 84' lang='lat' dir='ltr'>Sardineam</span> <span class='ocrx_word' id='word_1_261' title='bbox 770 2769 976 2811; x_wconf 78' lang='lat' dir='ltr'>dabimus</span> <span class='ocrx_word' id='word_1_262' title='bbox 1012 2769 1188 2825; x_wconf 86' lang='lat' dir='ltr'>aliquas</span> <span class='ocrx_word' id='word_1_263' title='bbox 1221 2773 1383 2823; x_wconf 80' lang='lat' dir='ltr'>terras,</span> <span class='ocrx_word' id='word_1_264' title='bbox 1418 2770 1581 2825; x_wconf 85' lang='lat' dir='ltr'>quibus</span> <span class='ocrx_word' id='word_1_265' title='bbox 1604 2769 1787 2821; x_wconf 83' lang='lat' dir='ltr'>habitis,</span> <span class='ocrx_word' id='word_1_266' title='bbox 1821 2771 1871 2810; x_wconf 88' lang='lat' dir='ltr'>ut</span> <span class='ocrx_word' id='word_1_267' title='bbox 1897 2767 2090 2810; x_wconf 74' lang='lat' dir='ltr'>firmiter</span> 
     </span>
    </p>
   </div>
   <div class='ocr_carea' id='block_1_7' title="bbox 466 2884 2088 3045">
    <p class='ocr_par' dir='ltr' id='par_1_11' title="bbox 466 2884 2088 3045">
     <span class='ocr_line' id='line_1_31' title="bbox 610 2884 2088 2929; baseline 0.001 -12"><span class='ocrx_word' id='word_1_268' title='bbox 610 2884 637 2929; x_wconf 86' lang='grc'>1)</span> <span class='ocrx_word' id='word_1_269' title='bbox 664 2884 741 2929; x_wconf 83' lang='lat' dir='ltr'>Vgl.</span> <span class='ocrx_word' id='word_1_270' title='bbox 768 2896 811 2919; x_wconf 90' lang='lat' dir='ltr'>zu</span> <span class='ocrx_word' id='word_1_271' title='bbox 837 2885 967 2919; x_wconf 78' lang='lat' dir='ltr'>diesem</span> <span class='ocrx_word' id='word_1_272' title='bbox 993 2885 1183 2920; x_wconf 82' lang='lat' dir='ltr'>Schreiben</span> <span class='ocrx_word' id='word_1_273' title='bbox 1209 2897 1289 2920; x_wconf 75' lang='lat' dir='ltr'>vom</span> <span class='ocrx_word' id='word_1_274' title='bbox 1317 2888 1346 2920; x_wconf 81' lang='lat'>1.</span> <span class='ocrx_word' id='word_1_275' title='bbox 1368 2886 1523 2920; x_wconf 85' lang='lat' dir='ltr'>Februar</span> <span class='ocrx_word' id='word_1_276' title='bbox 1549 2885 1638 2920; x_wconf 77' lang='lat'>1312</span> <span class='ocrx_word' id='word_1_277' title='bbox 1663 2885 1781 2928; x_wconf 78' lang='lat' dir='ltr'>Finke,</span> <span class='ocrx_word' id='word_1_278' title='bbox 1807 2884 1989 2928; x_wconf 80' lang='lat' dir='ltr'>Papsttum</span> <span class='ocrx_word' id='word_1_279' title='bbox 2015 2885 2088 2918; x_wconf 87' lang='lat' dir='ltr'>und</span> 
     </span>
     <span class='ocr_line' id='line_1_32' title="bbox 466 2943 1287 2988; baseline 0.001 -10"><span class='ocrx_word' id='word_1_280' title='bbox 466 2944 670 2988; x_wconf 81' lang='lat' dir='ltr'>Untergang</span> <span class='ocrx_word' id='word_1_281' title='bbox 694 2943 755 2977; x_wconf 86' lang='lat' dir='ltr'>des</span> <span class='ocrx_word' id='word_1_282' title='bbox 781 2943 1069 2987; x_wconf 85' lang='lat' dir='ltr'>Templerordens</span> <span class='ocrx_word' id='word_1_283' title='bbox 1094 2944 1141 2985; x_wconf 80' lang='grc' dir='ltr'>ΙΙ,</span> <span class='ocrx_word' id='word_1_284' title='bbox 1167 2944 1236 2979; x_wconf 83' lang='grc'>275</span> <span class='ocrx_word' id='word_1_285' title='bbox 1262 2945 1287 2979; x_wconf 76' lang='lat' dir='ltr'>f.</span> 
     </span>
     <span class='ocr_line' id='line_1_33' title="bbox 609 3001 1639 3045; baseline 0 -9"><span class='ocrx_word' id='word_1_286' title='bbox 609 3001 635 3045; x_wconf 74' lang='grc'>2)</span> <span class='ocrx_word' id='word_1_287' title='bbox 661 3001 849 3037; x_wconf 85' lang='lat' dir='ltr'>Schreiben</span> <span class='ocrx_word' id='word_1_288' title='bbox 874 3003 934 3036; x_wconf 86' lang='lat' dir='ltr'>des</span> <span class='ocrx_word' id='word_1_289' title='bbox 960 3002 1184 3037; x_wconf 84' lang='lat' dir='ltr'>Erzbischofs</span> <span class='ocrx_word' id='word_1_290' title='bbox 1209 3003 1388 3037; x_wconf 80' lang='lat' dir='ltr'>Thedisius</span> <span class='ocrx_word' id='word_1_291' title='bbox 1413 3013 1483 3036; x_wconf 78' lang='lat' dir='ltr'>von</span> <span class='ocrx_word' id='word_1_292' title='bbox 1507 3003 1639 3036; x_wconf 85' lang='lat' dir='ltr'>Torres.</span> 
     </span>
    </p>
   </div>
  </div>
 </body>
</html>
