2296 3512
951 312 999 316 -—
1068 287 1150 326 733
1215 311 1268 314 —

439 417 506 460 Ob
541 430 677 472 quam
711 428 896 458 causam
927 415 1076 470 patuit
1108 414 1194 456 toti
1215 414 1396 466 mundo,
1431 414 1551 469 quod
1573 417 1813 468 treuguam
1836 411 1918 453 im-

294 488 495 545 positam
535 488 682 529 dictus
722 488 943 540 cognatus
987 488 1143 527 noster
1186 498 1276 526 non
1321 485 1615 526 ordinaverat
1660 484 1715 525 ad
1761 495 1918 538 pacem

297 559 540 601 ineundam
574 560 616 599 et
647 556 936 607 firmandam,
978 555 1179 610 quinimo
1222 555 1278 597 ad
1319 555 1537 596 maiorem
1578 566 1789 609 guerram
1822 566 1919 595 sus-

299 629 526 672 citandam
563 661 570 668 .
606 661 614 668 .
652 661 659 668 .
722 627 836 668 Ecce
882 639 989 681 ergo
1034 638 1263 681 sompnus,
1311 638 1336 666 a
1369 639 1456 680 quo
1500 638 1581 667 nos
1616 622 1919 680 expergefacti

294 699 464 742 fuimus
490 712 591 740 cum
616 700 802 753 stupore
825 697 871 738 in
896 696 1000 739 sinu
1019 695 1189 738 domini
1213 708 1329 751 pape
1347 694 1619 737 fiducialiter
1636 693 1917 737 dormiendo!

294 804 307 812 ,
344 803 351 811 .
388 804 395 811 .
429 768 592 811 Dicitis
623 781 707 810 1103
740 781 767 809 a
799 766 979 809 domino
1014 779 1135 822 papa
1168 765 1307 808 fuisse
1340 778 1518 820 semper
1550 766 1660 807 bene
1683 767 1917 815 tractatos,

294 854 398 883 cum
430 844 583 881 tamen
614 838 848 880 videamus
880 850 964 880 nos
997 838 1053 879 ab
1089 849 1141 879 eo
1164 849 1261 879 esse
1284 835 1718 877 excomunicacionis
1740 833 1918 876 vinculo
1937 831 1946 836 ”

291 911 538 953 innodatos
581 912 624 951 et
665 922 854 964 regnum
896 910 1104 950 nostrum
1136 906 1336 962 positum
1370 919 1466 948 esse
1499 906 1581 948 sub
1616 905 1918 948 ecclesiastico

292 980 537 1023 interdicto
551 979 603 1034 5),
626 992 709 1035 pro
734 992 784 1021 eo
809 979 930 1034 quod
951 977 1144 1031 insidiis,
1178 990 1290 1033 quas
1325 978 1544 1032 cognatus
1576 978 1731 1019 noster
1763 979 1920 1017 contra

296 1065 378 1095 nos
411 1052 609 1107 parabat
640 1049 820 1101 inferre,
867 1049 949 1092 sub
995 1052 1292 1103 treuguarum
1336 1046 1559 1089 velamine
1604 1046 1826 1098 similiter,
1870 1049 1920 1088 ut

296 1122 538 1179 prefertur,
571 1121 831 1177 aperuimus
865 1120 1019 1162 oculos
1042 1121 1236 1162 nostros.
1298 1118 1352 1160 In
1385 1118 1478 1161 suis
1514 1117 1650 1159 etiam
1680 1116 1920 1159 sentenciis

292 1193 443 1236 dictus
476 1193 684 1235 dominus
718 1204 923 1233 summus
964 1189 1170 1246 pontifex
1215 1189 1269 1232 de
1312 1202 1402 1232 11011
1447 1188 1725 1230 offendendis
1768 1187 1920 1242 regnis

297 1268 376 1306 aut
406 1263 541 1306 terris
572 1263 644 1304 vel
676 1262 886 1318 gentibus
918 1261 1155 1316 utriusque
1178 1273 1409 1315 nunquam
1442 1261 1685 1315 cognatum
1712 1262 1918 1300 nostrum

292 1336 375 1377 sed
407 1348 489 1377 nos
532 1336 709 1375 tantum
741 1332 924 1388 ligavit!
989 1330 1102 1374 Cum
1137 1334 1292 1373 tamen
1332 1332 1435 1372 ante
1479 1329 1658 1385 lapsum
1702 1330 1921 1384 temporis

296 1405 442 1461 prime
474 1409 631 1460 treuge
663 1407 766 1460 post
801 1403 1132 1445 diffidacionem
1164 1405 1369 1444 nostram
1402 1414 1544 1457 usque
1566 1413 1684 1442 nunc
1716 1413 1919 1455 regnum,

292 1522 436 1556 nuntios
460 1522 678 1566 supradictos
705 1524 739 1555 et
764 1521 799 1554 111
819 1520 1055 1565 procuratorio
1075 1519 1179 1553 etiam
1200 1519 1388 1553 eorundem
1407 1518 1625 1552 nunciorum.
1663 1518 1716 1551 De
1734 1528 1800 1562 quo
1817 1517 1922 1551 iidem

297 1581 457 1615 dominus
484 1592 571 1625 papa
596 1584 630 1614 et
657 1579 849 1614 cardinales
874 1579 1021 1623 predicti
1046 1578 1307 1612 exaudieionem
1335 1577 1456 1611 utilem
1482 1577 1650 1621 impedire
1673 1578 1708 1610 et
1727 1587 1832 1620 super
1849 1576 1922 1620 ipsa

293 1640 534 1675 1111111110010110
560 1640 721 1674 insistere
753 1650 793 1673 ac
819 1649 923 1683 super
949 1648 988 1671 ea
1014 1637 1123 1672 eciam
1150 1648 1298 1671 renuere
1323 1636 1418 1670 illam
1444 1640 1578 1680 partem
1604 1646 1728 1670 census
1754 1635 1920 1679 recipere,

291 1711 400 1744 quam
426 1700 531 1733 iidem
556 1699 675 1733 nuncii
701 1709 762 1743 pro
790 1700 887 1742 parte
913 1697 995 1732 dicti
1022 1698 1113 1742 regis
1139 1699 1221 1731 sunt
1245 1697 1400 1730 Romane
1426 1696 1521 1729 curie
1547 1694 1692 1729 soluturi
1713 1722 1719 1728 .
1739 1723 1746 1730 .
1767 1721 1773 1727 .
1810 1694 1842 1728 J.
1869 1695 1922 1728 rat

297 1759 417 1793 seinen
445 1759 649 1792 Vertretern
677 1758 744 1791 den
770 1757 879 1791 Boten
898 1756 1097 1791 Friedrichs
1124 1755 1313 1800 vorsichtig
1338 1766 1381 1789 zu
1405 1754 1537 1788 helsen.
1581 1754 1677 1798 (Reg.
1697 1754 1763 1788 337
1783 1753 1808 1789 f.
1826 1752 1921 1793 277.)

295 1818 362 1852 Die
388 1817 621 1862 eigentlichen
647 1817 846 1851 Gesandten
873 1816 899 1850 F
902 1815 1081 1858 riedrichs,
1107 1815 1162 1849 die
1188 1815 1223 1848 in
1249 1815 1383 1849 seinem
1409 1814 1479 1848 und
1506 1814 1566 1848 des
1592 1812 1775 1848 Kal-dinals
1799 1813 1920 1847 Briefe

292 1877 389 1912 01101
419 1877 577 1911 erw'ahnt
607 1877 764 1917 werden,
797 1876 859 1910 der
884 1874 1092 1909 Erzbischof
1123 1885 1192 1908 von
1220 1873 1379 1908 Palerrno
1412 1873 1483 1907 und
1515 1873 1577 1907 der
1604 1873 1690 1907 Grai
1720 1883 1789 1906 von
1828 1872 1920 1905 Ven-

297 1935 451 1981 timiglia,
477 1935 591 1970 haben
615 1936 663 1969 im
682 1936 841 1970 Sommer
866 1934 958 1969 1318
983 1933 1219 1968 anscheinend
1244 1944 1312 1966 nur
1336 1933 1442 1966 kurze
1461 1932 1535 1966 Zeit
1551 1931 1768 1966 verhandelt.
1806 1931 1921 1965 Unter

292 1995 365 2029 den
389 1994 794 2039 Ffiedensvorschlagen,
820 1993 876 2027 die
901 1993 978 2027 hier
1004 2004 1083 2026 zum
1107 1991 1179 2027 Teil
1204 1993 1240 2026 in
1265 1991 1353 2026 alter
1368 1992 1473 2026 Form
1500 1991 1698 2034 vorkamen,
1725 2001 1839 2024 nenne
1864 1990 1919 2024 ich

293 2053 383 2087 zwei
415 2064 522 2096 neue,
554 2054 608 2087 die
633 2053 814 2088 Friedrich
839 2053 870 2089 J.
903 2052 1094 2086 ubersandt
1131 2051 1242 2085 hatte:
1283 2052 1314 2085 1.
1340 2050 1428 2093 Quia
1466 2051 1556 2085 dom.
1583 2061 1671 2094 papa
1696 2049 1807 2084 multa
1830 2049 1922 2083 bona

297 2113 468 2156 promittit
491 2113 686 2155 Frederico,
722 2111 856 2156 schlagt
881 2122 920 2145 er
944 2122 1022 2145 vor:
1048 2111 1121 2145 dari
1146 2111 1219 2155 regi
1241 2110 1393 2144 Roberto
1419 2120 1481 2154 per
1506 2111 1596 2144 dom.
1624 2120 1746 2153 papam
1772 2108 1920 2152 aliquam

293 2174 427 2205 'terram
453 2171 583 2206 30111001
609 2170 664 2206 vel
691 2171 892 2206 comitatum
917 2170 1075 2204 Venechi
1110 2169 1164 2204 vel
1189 2169 1381 2203 marchiam
1406 2169 1657 2203 Anconitanam
1690 2167 1745 2202 vel
1769 2168 1920 2202 Roman-

297 2230 440 2268 diolam,
474 2241 540 2274 que
577 2233 659 2265 sunt
690 2230 804 2264 vicine
830 2232 865 2263 01
889 2230 987 2274 quasi
1012 2229 1172 2274 contigue
1199 2232 1291 2262 10110
1318 2239 1389 2263 sue.
1440 2229 1487 2262 Er
1512 2227 1711 2272 verspricht
1736 2228 1828 2261 daun
1853 2237 1921 2260 von

293 2289 439 2324 'Sicilien
473 2300 593 2323 ausser
623 2290 703 2323 dem
737 2289 870 2324 Census
901 2288 994 2324 4000
1019 2289 1144 2323 Unzen
1177 2287 1338 2332 j'ahrlich.
1387 2286 1420 2323 2.
1446 2287 1482 2322 Si
1507 2286 1585 2321 talis
1616 2287 1829 2331 pei-mutacio
1860 2296 1921 2329 per

296 2359 422 2392 papam
460 2350 656 2392 negaretur,
693 2351 837 2392 tangant
874 2348 938 2392 ipsi
976 2347 1093 2382 nuncii
1126 2347 1255 2382 domini
1287 2346 1378 2391 regis
1403 2348 1606 2390 Aragonum
1632 2345 1802 2390 quandam
1828 2345 1920 2378 viam

295 2408 491 2451 pemactam
516 2417 578 2450 per
603 2407 693 2443 dom.
720 2406 874 2451 reginam
900 2405 1099 2450 Portugalie
1125 2406 1192 2449 (die
1219 2406 1253 2440 h.
1272 2405 1459 2448 Elisabeth,
1486 2405 1685 2439 Schwester
1710 2405 1772 2439 der
1799 2403 1920 2438 beiden

297 2466 445 2510 Konige)
470 2476 509 2499 ac
535 2465 601 2509 ipsi
625 2476 712 2509 pape
737 2465 957 2510 declaratam,
983 2464 1145 2499 videlicet
1171 2465 1271 2509 quod.
1298 2464 1378 2508 quia
1403 2474 1549 2508 regnum
1575 2463 1691 2498 Sicilie
1716 2473 1920 2497 concessum

299 2526 416 2559 suerat
453 2535 515 2568 per
538 2524 732 2558 Romanam
769 2523 952 2558 ecclesiam
990 2524 1163 2568 quondam
1200 2523 1341 2567 antiquo
1380 2523 1451 2565 regi
1478 2521 1605 2557 Karolo
1637 2533 1748 2566 usque
1781 2522 1824 2556 ad
1849 2524 1920 2555 tres

298 2583 555 2628 generaciones,
582 2594 648 2626 que
673 2583 801 2616 finiunt
826 2582 862 2616 in
886 2593 1036 2626 persona
1060 2583 1143 2617 d.cti
1161 2583 1251 2627 regis
1269 2582 1421 2624 Roberti,
1448 2583 1484 2616 01
1501 2582 1720 2625 postmodum
1738 2581 1780 2615 ab
1800 2581 1919 2614 eadem

300 2642 447 2677 ecclesia
476 2645 697 2686 prorogatum
724 2647 757 2675 et
790 2641 987 2686 elongatum
1017 2644 1069 2676 est
1101 2644 1237 2686 tempus
1263 2641 1533 2686 generacionum
1558 2641 1712 2684 ipsarum
1743 2650 1851 2683 usque
1877 2640 1919 2672 ad

292 2701 382 2736 alias
419 2703 491 2735 1103
533 2701 777 2745 generaciones
823 2700 936 2734 eidem
975 2701 1046 2745 regi
1083 2700 1234 2735 11000110
1267 2710 1328 2744 pro
1360 2710 1401 2734 ea
1438 2698 1571 2734 30111001
1602 2702 1699 2742 parte
1730 2699 1844 2743 regni,
1881 2701 1921 2732 ut

294 2760 462 2800 creditur,
501 2770 567 2804 que
604 2761 745 2793 tenetur
775 2758 956 2793 actualiter
993 2759 1035 2793 ab
1073 2760 1193 2793 eodem
1231 2770 1311 2803 rege
1336 2758 1499 2800 Roberto,
1532 2758 1697 2792 concedat
1735 2768 1822 2801 papa
1848 2768 1918 2802 regi

303 2819 453 2853 Roberto
478 2818 675 2852 huiusmodi
701 2820 835 2861 partem
860 2818 968 2862 regni,
994 2829 1061 2862 que
1078 2821 1218 2852 tenetur
1242 2818 1284 2852 ab
1310 2828 1350 2852 eo
1376 2828 1437 2861 pro
1455 2816 1738 2862 generacionibus
1763 2815 1837 2850 aliis
1863 2815 1919 2850 vel

295 2878 337 2912 in
361 2880 580 2922 perpetuum,
607 2878 641 2910 01
665 2876 729 2920 ipsi
756 2876 828 2920 regi
846 2876 1028 2910 Frederico
1053 2887 1115 2920 pro
1141 2877 1213 2911 suis
1237 2876 1423 2911 heredibus
1449 2875 1619 2918 similiter,
1647 2876 1738 2920 quod
1762 2885 1856 2909 nunc
1874 2885 1919 2908 ex

299 2948 404 2982 regno
431 2939 570 2970 tenetur
595 2935 636 2969 ab
663 2946 713 2977 eo,
741 2934 804 2969 sub
830 2935 1045 2978 prestacione
1070 2934 1161 2969 soliti
1175 2946 1300 2969 census
1326 2935 1382 2969 vel
1401 2934 1507 2968 etiam
1525 2934 1781 2978 augmentandi.
1820 2933 1916 2977 (Reg.

294 2993 369 3029 338
394 2994 421 3028 f.
448 2994 521 3037 SV.)

441 3065 468 3103 ⁵)
496 3065 545 3098 Zu
570 3064 710 3107 Anfang
737 3063 836 3099 1321.
