2296 3512
874 184 1190 225 —785—

220 312 388 354 crimen
418 314 637 366 optasses.
701 313 928 366 Numquid
973 313 1091 355 enim
1118 327 1206 355 11011
1239 313 1495 355 immineret
1518 313 1660 354 eidem
1693 312 1843 354 iuveni

220 382 365 424 adhuc
390 382 517 423 molli
538 385 580 424 et
598 382 788 424 delicate
806 383 978 425 nutrito
1004 384 1239 437 corporale
1263 383 1564 437 dispendium,
1591 383 1629 425 si
1654 383 1749 425 eius
1772 383 1838 424 in-

221 452 453 495 becillibus
514 452 714 495 humeris
770 455 813 494 et
861 454 918 494 ad
958 453 1137 495 labores
1185 457 1229 495 et
1276 453 1608 508 inquietudines
1651 453 1841 496 insuetis

218 526 448 565 tantarum
481 522 791 577 imponeretur
823 536 1034 565 curarum
1059 526 1101 565 et
1129 523 1465 565 solicitudinum
1488 525 1642 576 moles,
1677 528 1842 578 quante

218 594 263 635 in
313 593 492 647 presule
530 593 849 648 requiruntur?
938 594 1166 647 Numquid
1221 607 1309 636 non
1359 598 1658 648 exponeretur
1700 595 1842 649 ipsius

220 663 368 706 anima
411 677 578 718 magno
626 664 893 715 discrimini,
944 664 981 706 si
1025 667 1269 719 poneretur
1301 668 1454 707 custos
1487 665 1530 706 in
1565 665 1720 716 vineis,
1767 666 1843 720 qui

220 748 266 777 se
298 734 445 788 ipsun]
482 734 628 776 adhuc
660 734 778 776 forte
812 734 1039 777 custodire
1071 748 1160 776 non
1194 735 1333 787 novit,
1366 735 1405 777 si
1438 735 1624 777 haberet
1651 735 1843 778 aliorum

221 805 398 847 animas
431 805 476 846 in
509 805 710 859 periculo
743 819 822 848 sue
856 804 1215 848 conversationis
1249 805 1464 859 accipere,
1499 806 1574 860 qui
1607 806 1680 847 vix
1714 820 1841 848 suam

218 874 386 917 sufficit
422 876 702 930 gubernare?
766 875 901 918 Nulla
939 876 1103 930 quippe
1137 889 1211 918 ars
1245 874 1396 917 doceri
1430 876 1721 929 presumitur,
1756 877 1843 918 nisi

219 945 342 1000 prius
396 948 571 988 attenta
617 946 911 988 meditatione
959 946 1162 988 discatur
1209 946 1264 988 ab
1299 945 1524 1000 inperitis,
1575 960 1700 1002 ergo,
1755 960 1844 1001 qua

218 1017 474 1059 temeritate
514 1017 761 1071 suscipitur
806 1016 1036 1072 pastorale
1068 1016 1403 1072 magisterium,
1453 1018 1633 1071 quando
1667 1031 1741 1060 ars
1776 1022 1844 1059 est

219 1087 385 1129 artium
430 1088 631 1143 regimen
677 1087 945 1130 animarum.
1023 1087 1266 1130 Sacrorum
1309 1100 1485 1143 quoque
1523 1087 1733 1130 instituta
1771 1101 1843 1130 ca·

217 1172 385 1200 nonum
424 1161 580 1213 preter
611 1158 886 1213 gravitatem
919 1172 1095 1201 morum
1132 1172 1184 1200 ac
1215 1158 1473 1201 litterarum
1507 1158 1741 1201 scientiam
1775 1172 1844 1201 re-

218 1229 404 1284 quirunt
450 1229 497 1271 in
545 1229 755 1283 pontifice
803 1229 1117 1272 maturitatem
1164 1228 1428 1271 tricennalis
1471 1229 1625 1281 etatis,
1675 1242 1727 1271 30
1762 1229 1844 1271 1111-

216 1300 403 1355 perialis
434 1300 507 1342 lex
540 1300 761 1342 minorem
794 1299 959 1355 viginti
992 1300 1188 1355 quinque
1223 1299 1351 1342 3111115
1385 1300 1440 1342 ad
1474 1299 1613 1341 tutele
1646 1299 1845 1342 officium

217 1384 305 1413 non
354 1371 566 1413 admittit.
646 1371 745 1425 Quo
797 1372 932 1413 modo
972 1385 1080 1427 ergo
1119 1385 1201 1413 1105
1239 1383 1474 1425 possemus
1515 1370 1719 1412 iuvenem
1770 1371 1845 1413 ad-

221 1441 308 1483 huc
343 1441 479 1483 etiam
514 1442 629 1483 citra
661 1444 807 1484 metas
841 1441 1142 1484 adolescentie
1175 1441 1469 1495 constitutum
1505 1442 1562 1483 ad
1585 1442 1844 1484 cathedram

222 1512 462 1554 admittere
508 1512 807 1567 pastoralem,
858 1513 914 1554 ad
961 1513 1087 1554 illam
1134 1512 1359 1567 precipue,
1409 1526 1494 1567 que
1543 1512 1845 1568 suffraganeis

216 1583 353 1625 habet
391 1583 698 1638 pastoralibus
738 1583 966 1627 cathedris
1004 1583 1270 1638 preminere.
1347 1583 1555 1626 Profecto
1596 1584 1841 1625 verendum

218 1657 361 1705 esset,
434 1667 488 1696 ne
551 1654 681 1696 fieret
749 1654 889 1696 eidem
962 1655 1115 1697 iuveni
1176 1654 1392 1697 cathedra
1469 1654 1721 1709 pestilentie
1794 1668 1846 1696 ac

218 1725 305 1767 sibi
353 1728 396 1766 et
443 1725 545 1767 aliis
599 1728 718 1769 esset
765 1726 943 1768 occasio
1001 1729 1166 1779 parata
1216 1725 1357 1767 ruine.
1436 1727 1528 1767 Nec
1584 1725 1846 1767 blandiatur

220 1795 383 1850 aliquis
437 1796 580 1838 eidem
633 1796 796 1848 iuveni,
851 1797 971 1851 quod
1014 1799 1168 1851 posset
1211 1797 1257 1839 in
1298 1796 1517 1853 pontificii
1550 1797 1694 1851 gradu
1743 1809 1845 1850 pro-

216 1866 363 1908 ficere.
466 1866 623 1909 Plures
693 1867 857 1909 etenim
921 1867 1220 1922 provectioris
1279 1867 1413 1909 etatis
1475 1867 1521 1908 in
1587 1866 1845 1909 huiusmodi

217 1940 341 1979 statu
404 1937 619 1981 defecisse
660 1938 814 1993 potius
863 1952 999 1993 quam
1038 1938 1084 1979 in
1130 1937 1318 1981 scientia
1363 1936 1609 1993 profecisse
1642 1938 1846 1980 dolenter

218 2007 492 2059 audivimus3
527 2011 569 2050 et
595 2008 634 2051 si
660 2008 853 2052 forsitan
890 2010 1199 2064 pretendatur,
1235 2010 1354 2064 quod
1378 2022 1458 2064 per
1481 2009 1669 2050 eundem
1691 2012 1845 2063 posset

217 2079 374 2120 eadem
419 2078 626 2131 ecclesia,
674 2080 712 2122 si
759 2083 1067 2122 assumeretur
1112 2081 1169 2122 ad
1213 2079 1359 2131 illam,
1405 2079 1489 2122 sub
1528 2079 1643 2134 regii
1674 2078 1845 2122 favoris

218 2149 388 2191 auxilio
430 2149 475 2190 in
508 2150 837 2205 temporalibus
870 2150 1185 2206 multipliciter
1217 2150 1445 2206 reparari,
1487 2149 1533 2192 id
1565 2163 1733 2205 negare
1765 2163 1846 2192 nec

218 2219 426 2262 volumus
470 2233 551 2261 nec
596 2220 823 2273 valemus,
869 2221 1155 2277 spiritualem
1201 2224 1351 2263 tamen
1391 2220 1667 2277 profectum,
1713 2234 1844 2277 quem

218 2290 432 2346 precipue
479 2290 733 2345 querimus,
775 2290 1046 2347 preferimus
1079 2291 1334 2348 temporali.
1397 2291 1456 2333 Et
1487 2291 1592 2333 licet
1627 2292 1845 2334 verisimi-

218 2361 323 2402 liter
355 2373 677 2416 supponamus,
712 2363 830 2416 quod
865 2362 1027 2404 affectu
1062 2363 1280 2405 suadente
1306 2365 1497 2418 paterno
1532 2366 1606 2404 tue
1644 2362 1845 2418 potentie

219 2433 409 2474 dextera
451 2433 533 2473 sub
578 2431 777 2474 eiusdem
808 2435 917 2475 nato
951 2436 1029 2475 tuo
1072 2433 1290 2488 regimine
1323 2432 1621 2475 favorabilius
1655 2433 1743 2488 ipsi
1776 2447 1844 2475 ec-

221 2502 354 2544 clesie
383 2502 428 2543 in
452 2502 770 2557 prmuovendis
795 2503 995 2545 comodis
1018 2504 1358 2559 dispendiisque
1390 2503 1586 2546 vitandis
1611 2503 1846 2547 assisteret

218 2576 262 2615 et
295 2586 403 2628 erga
434 2572 559 2613 illam
607 2572 743 2614 etiam
787 2573 910 2628 regie
954 2572 1208 2617 liberalitas
1240 2574 1425 2630 pietatis
1458 2574 1641 2617 uberius
1673 2575 1844 2616 habun-

219 2644 361 2696 daret,
394 2643 506 2685 illud
533 2646 684 2684 tamen
720 2643 1058 2686 consideranter
1096 2645 1384 2697 attendimus,
1419 2646 1552 2700 quod,
1586 2645 1625 2688 si
1646 2645 1735 2697 ille,
1769 2645 1846 2700 qui

222 2715 436 2757 terminos
468 2713 552 2755 tibi
586 2714 841 2766 constituit,
886 2728 998 2769 quos
1030 2715 1251 2770 preterire
1282 2729 1371 2758 non
1404 2715 1596 2770 poteris,
1643 2721 1686 2757 te
1718 2715 1845 2757 iuxta

216 2785 477 2827 ordinatum
521 2784 816 2826 mortalitatis
871 2798 1110 2827 excursum
1154 2786 1242 2841 ipsi
1286 2788 1393 2828 nato
1428 2789 1505 2828 tuo
1538 2787 1843 2836 subtraheret,

218 2869 309 2898 non
344 2856 499 2898 eodem
533 2868 667 2898 cursu
699 2855 767 2897 illi
801 2858 845 2897 et
877 2855 1020 2897 eidem
1055 2856 1239 2899 ecclesie
1266 2870 1502 2899 successor
1523 2859 1628 2899 tuus
1650 2856 1844 2899 forsitan

217 2927 526 2982 responderet,
561 2940 661 2968 cum
694 2925 844 2968 nullus
879 2925 1017 2968 etiam
1049 2925 1279 2969 fraternus
1312 2927 1499 2969 affectus
1521 2927 1671 2981 patrio
1693 2927 1845 2969 valeat

363 3043 387 3070 F
396 3043 404 3069 i
414 3051 431 3069 n
440 3044 458 3069 k
467 3050 482 3069 e
492 3064 498 3076 ,
520 3044 594 3070 Acta
613 3042 820 3076 Aragononsia.
1659 3030 1703 3065 50
