2296 3512
909 308 958 312 --
1023 284 1106 324 687
1171 308 1225 311 -

254 413 406 449 handelt.
456 412 534 457 Vgl.
566 412 753 446 Muntaner
783 411 870 454 Kap.
910 410 978 444 229
1011 410 1044 444 S.
1077 410 1157 445 406.
1211 410 1255 445 So
1292 410 1471 444 berichten
1509 410 1599 444 auch
1632 409 1796 443 Guarcias
1836 408 1878 442 de

255 473 394 516 Vergua
430 472 501 505 und
533 470 674 504 Garoias
705 470 801 504 Petri
839 470 881 502 de
915 471 1065 512 Ayerwe
1103 479 1147 502 an
1184 469 1251 502 den
1282 469 1409 513 K‘onig:
1447 469 1617 502 Dominus
1647 466 1880 511 Berengarius

255 531 353 566 nobis
378 529 508 571 retulit,
541 529 631 573 quod
657 529 699 562 de
725 528 898 570 mandato,
930 527 1077 561 licencia
1102 530 1137 561 et
1162 527 1348 569 voluntate,
1380 527 1529 565 domine,
1561 530 1679 561 vestra
1703 527 1812 560 iverat
1837 526 1879 560 ad

257 590 437 624 dominum
475 599 650 622 summum
694 587 898 631 pontificem
939 588 975 620 et
1015 586 1058 620 ad
1100 586 1279 620 dominum
1320 586 1481 621 Carolum
1522 586 1684 620 comitem
1726 585 1878 621 Vallesii.

256 649 434 692 Berengar
459 648 582 681 sendet
607 647 657 681 sie
682 646 872 680 wieder-um
906 656 985 679 zum
1010 645 1136 689 Papste
1168 645 1239 678 und
1265 646 1313 679 sie
1339 645 1538 688 empfehlen
1561 646 1687 688 Jayme
1711 644 1881 688 dm'ngend

257 707 316 741 das
353 706 620 741 Unternehmen
657 716 720 739 zur
753 704 987 748 Verbreitung
1025 704 1086 737 des
1118 703 1303 737 Glaubens.
1354 703 1501 747 (Neapel
1542 704 1631 738 1306
1662 704 1793 738 Januar
1825 703 1881 739 22.

259 766 350 801 CRD
376 764 494 807 9888).
536 764 601 798 Die
618 764 823 798 Eifersucht
850 764 911 797 der
928 763 1111 797 Genuesen
1136 762 1245 807 klingt
1270 762 1359 796 auch
1385 773 1446 795 aus
1463 763 1528 795 den
1546 762 1691 796 Briefen
1708 762 1883 798 Christian

257 823 419 868 Spinulas
443 824 584 859 wieder.
630 823 674 857 So
699 823 753 856 die
780 822 932 856 dunklen
958 821 1234 866 Schilderungen
1258 821 1321 855 der
1339 821 1667 865 Gewaltt'atigkeiten
1695 822 1757 855 der
1773 822 1883 856 Kom—
1932 824 1940 830 “

257 883 393 928 pagnie,
428 882 483 916 die
510 882 621 916 durch
652 881 881 926 genuesische
914 880 1223 915 zuriickkehrende
1249 879 1408 914 Seeleute
1434 879 1622 913 verbreitet
1647 881 1803 922 werden3
1835 880 1883 914 im

258 941 466 986 September
484 941 603 985 (1306)
628 941 747 975 hatten
776 941 824 974 sie
850 940 910 973 fiir
935 939 1022 974 Geld
1048 939 1149 973 einen
1167 939 1324 973 Moment
1349 939 1409 972 das
1425 938 1522 972 Land
1548 938 1723 972 verlassen
1749 939 1883 982 wollen,

259 1001 345 1036 aber
370 1001 431 1034 das
453 999 758 1044 Schlussergebnis
776 1010 862 1033 war:
890 998 988 1041 Quod
1015 1010 1094 1033 cum
1120 999 1329 1042 imperatore
1346 1008 1469 1041 pacem
1485 1008 1553 1031 non
1572 997 1739 1040 facerent,
1766 997 1886 1041 pocius

262 1060 385 1094 volunt
399 1058 731 1102 Constantinopolim
745 1060 848 1103 atque
867 1057 1086 1102 imperatoris
1099 1067 1293 1101 personam.
1335 1055 1621 1100 Augenblicklich
1637 1055 1885 1090 verhandelten

259 1118 452 1164 papstliche
478 1118 549 1152 und
575 1118 746 1152 Gesandte
764 1116 867 1151 Karls
892 1128 961 1151 von
978 1116 1096 1150 Valois
1122 1116 1157 1149 in
1184 1116 1314 1159 Genua,
1340 1126 1400 1149 um
1426 1126 1470 1148 zu
1487 1114 1627 1149 wissen:
1653 1126 1733 1149 cum
1759 1117 1886 1159 quanta

257 1177 384 1222 navigii
410 1177 601 1221 quantitate
627 1176 839 1211 convincere
865 1178 1007 1220 possent
1030 1175 1217 1219 imperium
1243 1175 1420 1209 Romanie.
1470 1174 1556 1208 Karl
1579 1173 1650 1208 will
1676 1174 1743 1207 den
1769 1174 1884 1208 Genu-

260 1247 344 1271 esen
382 1236 447 1270 alle
484 1235 687 1270 Freiheiten
726 1235 947 1280 zugestehen.
1011 1235 1051 1269 ln
1090 1234 1211 1269 Genua
1246 1233 1415 1268 herrsche
1451 1235 1584 1277 grosste
1620 1233 1888 1277 Meinungsver-

259 1295 517 1330 schiedenheit:
556 1295 622 1329 Die
649 1295 752 1328 einen
778 1305 895 1338 sagen,
927 1305 1009 1328 man
1035 1293 1118 1328 solle
1143 1292 1229 1328 Karl
1254 1292 1386 1335 helsen,
1416 1292 1524 1326 damit
1548 1292 1629 1326 kein
1653 1292 1801 1326 anderer
1826 1292 1887 1327 das

258 1354 450 1398 Imperium
487 1353 680 1395 bekomme,
720 1354 774 1387 die
799 1354 930 1387 andern
956 1352 1082 1387 wollen
1119 1352 1219 1386 keine
1250 1351 1510 1395 Einmischung.
1565 1351 1666 1385 Nach
1697 1351 1889 1386 Christians

259 1413 409 1448 Ansicht
431 1413 548 1457 dringt
573 1412 718 1447 letztere
735 1413 955 1457 Auffassung
978 1411 1071 1446 wohl
1097 1411 1218 1446 durch.
1261 1411 1365 1455 (CRD
1394 1410 1512 1445 1289?
1531 1421 1610 1444 vom
1638 1410 1692 1444 19.
1712 1410 1887 1454 Oktober.)

260 1493 303 1497 —
329 1471 545 1506 Tatsachlich
577 1471 710 1506 schloss
737 1470 819 1505 Kar]
851 1482 920 1505 von
946 1470 1063 1505 Valois
1097 1470 1153 1504 ein
1179 1470 1339 1504 Biindnis
1369 1470 1434 1503 mit
1458 1469 1618 1513 Venedig
1648 1480 1704 1503 am
1737 1469 1791 1504 19.
1816 1469 1886 1503 De-

261 1531 403 1565 zember
437 1531 539 1567 1306.
590 1530 680 1575 (Vgl.
713 1531 745 1566 J.
777 1530 881 1572 Petit7
920 1529 1064 1565 Charles
1102 1530 1144 1563 de
1176 1528 1294 1563 Valois
1331 1540 1364 1573 p.
1399 1528 1490 1572 107).
1541 1528 1717 1563 Christian
1747 1527 1891 1572 Spinula

260 1590 418 1625 schreibt
449 1600 505 1624 am
532 1591 563 1625 5.
589 1590 723 1624 Januar
750 1589 837 1624 1307
872 1589 976 1634 (CRD
1005 1589 1149 1633 10397).
1201 1588 1264 1622 Die
1289 1587 1493 1622 Decembris
1524 1586 1646 1621 ultima
1676 1589 1771 1621 certa
1800 1597 1890 1621 nova

260 1650 393 1684 Januas
419 1649 647 1691 advenerunt,
674 1649 765 1692 quod
790 1648 1043 1682 ambaxiatores
1068 1647 1198 1681 domini
1223 1647 1344 1681 Karuli
1370 1648 1412 1681 de
1438 1646 1584 1681 Francia
1608 1657 1689 1681 cum
1714 1646 1890 1680 communi

261 1709 478 1743 Venetorum
511 1709 592 1742 sunt
622 1707 658 1741 in
685 1707 868 1741 concordia
901 1706 961 1741 tali
986 1708 1104 1741 modo:
1136 1706 1299 1741 videficet
1324 1707 1415 1750 quod
1446 1706 1605 1750 prefatus
1635 1705 1795 1740 dominus
1819 1705 1889 1739 Ka-

262 1766 357 1801 rulus
383 1767 526 1801 dimittit
551 1768 586 1800 et
618 1766 793 1801 consentit
818 1766 957 1801 comuni
981 1766 1197 1800 Venetorum
1222 1767 1369 1809 partem,
1402 1776 1507 1809 quam
1530 1764 1661 1799 habent
1685 1764 1722 1798 in
1746 1764 1893 1809 imperio

261 1826 440 1868 Romame,
476 1828 510 1860 et
534 1826 570 1859 in
597 1825 835 1860 convincendo
866 1825 1053 1869 imperium
1080 1824 1204 1858 Veneti
1232 1825 1360 1859 debent
1391 1835 1519 1868 ponere
1550 1834 1649 1858 suam
1682 1826 1816 1867 partem
1842 1824 1891 1857 ita

262 1885 297 1919 in
323 1891 538 1919 armamento
563 1885 606 1918 de
631 1884 799 1918 militibus
825 1895 930 1928 super
954 1886 1049 1918 terra
1067 1884 1159 1918 sicut
1183 1884 1219 1917 in
1244 1884 1351 1918 maris
1376 1883 1503 1928 navigii
1528 1886 1752 1917 armamento.
1794 1883 1892 1917 Parti

263 1954 346 1978 vero
379 1944 516 1978 domino
548 1943 679 1978 Karulo
717 1943 904 1987 pertinenti
936 1943 1003 1987 ipsi
1029 1943 1157 1977 Veneti
1188 1942 1317 1976 debent
1346 1943 1524 1986 navigium
1555 1942 1723 1976 suficiens
1754 1941 1891 1986 elargiri

265 2003 307 2037 ad
338 2006 470 2037 certam
507 2002 615 2047 precii
648 2002 876 2046 quantitatem
914 2013 981 2046 que
1012 2002 1111 2036 nobis
1141 2001 1375 2036 Januensibus
1413 2000 1585 2035 ocultatur
1617 2030 1624 2037 .
1653 2029 1659 2035 .
1689 2029 1695 2035 .
1727 2001 1893 2035 Preterea

266 2062 402 2101 dicitur,
435 2062 525 2106 quod
551 2073 614 2105 per
639 2062 820 2095 universas
845 2061 966 2095 mundi
992 2063 1109 2105 partes
1134 2072 1227 2095 nunc
1253 2061 1468 2103 direxerunt,
1506 2060 1596 2104 quod
1623 2060 1739 2094 cuncti
1765 2060 1893 2094 Veneti

267 2121 388 2154 domos
414 2120 563 2154 debeant
587 2121 742 2164 proprias
766 2120 906 2154 visitare
927 2148 934 2154 .
954 2148 961 2156 .
982 2147 989 2154 .
1008 2120 1216 2164 Capitaneus
1240 2119 1384 2163 Spinula
1407 2120 1588 2162 monstrat,
1615 2118 1706 2163 quod
1730 2129 1893 2163 magnam

267 2180 375 2213 habet
398 2179 572 2224 geluxiam
604 2184 638 2213 et
663 2180 754 2223 quod
780 2180 970 2214 defendere
999 2179 1084 2213 velit
1114 2179 1302 2223 imperium
1326 2178 1506 2221 Romanie,
1544 2178 1573 2212 si
1598 2177 1756 2212 homines
1779 2177 1894 2212 Janue

267 2237 441 2272 voluerint
465 2239 645 2272 assentire.
696 2239 847 2283 Ideoque
879 2238 1066 2283 separatim
1090 2238 1127 2272 in
1153 2238 1346 2272 communis
1377 2237 1501 2282 palatio
1527 2236 1660 2271 nobiles
1684 2237 1797 2271 Janue
1822 2236 1895 2280 peti

267 2297 352 2331 facit
385 2299 419 2331 et
445 2297 546 2330 etiam
579 2296 773 2341 populares,
811 2298 839 2331 si
870 2297 984 2341 placet
1015 2297 1065 2331 eis
1096 2296 1186 2331 velle
1217 2297 1406 2331 defendere
1438 2296 1622 2340 imperium
1653 2295 1832 2338 Romame,
1865 2295 1893 2329 si

269 2356 428 2390 dominus
455 2355 606 2390 Karalus
632 2357 749 2391 facere
775 2355 927 2390 noluerit
952 2356 1127 2391 communi
1146 2357 1271 2400 Janue,
1298 2356 1390 2402 quod
1415 2355 1564 2398 debebit,
1589 2355 1638 2389 ita
1661 2355 1752 2399 quod
1778 2354 1895 2388 Guelfi

267 2414 476 2459 generaliter
492 2415 656 2448 videntur
673 2415 762 2449 velle
788 2415 979 2450 defendere
1004 2416 1189 2459 imperium
1216 2415 1463 2460 supradictum.
1483 2435 1527 2439 —
1544 2414 1699 2449 Seitdem
1723 2414 1894 2448 starkerer

268 2473 537 2518 Antagonismus
567 2474 629 2507 der
653 2473 778 2508 beiden
802 2473 932 2508 Stadte.
982 2474 1036 2508 Im
1061 2474 1211 2508 Frieden
1246 2485 1319 2508 war
1344 2474 1578 2518 ausgemacht,
1611 2474 1689 2507 dass
1715 2484 1782 2507 nur
1808 2472 1895 2506 zwei

269 2531 437 2566 Galeeren
470 2532 531 2565 der
562 2532 782 2566 Venezianer
818 2533 872 2567 ins
909 2544 985 2567 mar
1021 2534 1133 2577 major
1156 2533 1352 2577 (Schwarze
1378 2533 1489 2578 Meer)
1526 2532 1702 2567 einlaufen
1740 2532 1893 2566 durften.

268 2592 363 2625 Jetzt
399 2590 507 2625 liefen
545 2591 581 2624 in
606 2591 833 2635 Verbindung
869 2592 934 2625 mit
964 2592 1049 2626 Karl
1086 2603 1155 2626 von
1179 2592 1297 2627 Valois
1335 2592 1378 2626 12
1404 2592 1471 2626 ein.
1512 2591 1629 2626 Darob
1665 2602 1801 2636 grosses
1827 2591 1898 2624 Ge-

271 2650 384 2685 schrei
409 2650 444 2684 in
470 2650 593 2684 Genua
618 2650 660 2683 ob
686 2650 746 2684 des
771 2650 1101 2685 Friedensbruehes.
1143 2651 1209 2685 Die
1235 2652 1419 2686 Genuesen
1444 2651 1579 2685 warsen
1605 2650 1660 2684 die
1677 2650 1899 2684 Venezianer

270 2719 332 2743 aus
357 2709 452 2742 ihrer
469 2709 583 2743 Stadt:
610 2708 648 2742 El
676 2719 736 2742 cor
760 2708 815 2742 lur
840 2719 918 2742 sera
943 2709 1072 2743 entrels
1098 2711 1155 2744 axi
1173 2720 1236 2744 con
1264 2721 1304 2744 ca
1330 2721 1348 2744 e
1374 2709 1446 2754 lop!
1467 2737 1474 2743 .
1495 2737 1502 2743 .
1522 2737 1529 2745 .
1547 2710 1598 2743 La.
1613 2719 1740 2753 guerra
1756 2710 1897 2742 tornera

271 2768 382 2802 entrel
400 2769 540 2802 Genova
566 2778 584 2801 e
602 2767 766 2810 Venezia„
791 2767 945 2801 schreibt
960 2767 1072 2802 Dinus
1090 2767 1248 2803 Silvestri
1272 2769 1363 2803 nach
1380 2767 1579 2812 Mitteilung
1604 2767 1700 2801 eines
1718 2767 1895 2802 Genueser

271 2827 449 2861 Freundes
476 2826 579 2869 (1307
607 2826 674 2860 Mai
707 2826 797 2861 CRD
827 2826 940 2870 1105).
990 2819 1087 2861 Uber
1124 2827 1192 2861 den
1222 2827 1292 2862 Tod
1322 2828 1518 2871 Berengars
1555 2827 1598 2860 de
1630 2826 1787 2860 Entenza
1824 2825 1894 2859 und

272 2886 327 2920 die
350 2886 496 2920 weitern
522 2885 711 2919 Geschicke
741 2885 803 2918 der
828 2885 1036 2929 Kompagrie
1061 2885 1233 2920 berichtet
1259 2886 1432 2922 Christian
1461 2884 1604 2928 Spinula
1629 2884 1733 2929 (CRD
1762 2884 1896 2928 12616)

272 2955 329 2979 am
356 2945 410 2979 16.
436 2944 640 2988 September
665 2943 801 2987 (1307):

413 3004 670 3046 Anfrronus
705 3002 894 3057 Spinula
926 3003 997 3045 die
1028 3004 1131 3045 IIII.
1167 3003 1447 3060 Septembris
1470 3003 1653 3045 veniens
1677 3003 1730 3044 de
1752 3001 1894 3057 parti-

275 3075 359 3118 bus
393 3073 519 3131 Cipri
550 3075 597 3116 in
628 3075 824 3116 Januam
852 3073 1030 3130 appulit
1063 3074 1306 3127 civitatem,
1332 3075 1409 3130 qui
1433 3074 1699 3130 quo[d]dam
1722 3073 1896 3128 lignum
