2296 3512
1071 236 1392 276 —626—

421 366 651 419 magestas
683 364 737 405 de
779 363 865 405 hoc
897 362 983 404 erit
1022 376 1048 404 a
1079 363 1262 405 domino
1304 363 1477 405 infante
1516 363 1749 418 requisita,
1797 363 1903 419 quia
1935 362 2045 415 scio,

423 435 544 491 quod
575 433 786 476 voluntas
828 436 872 475 et
915 433 1111 476 intencio
1153 434 1263 476 dicti
1303 434 1475 476 domini
1516 433 1705 477 infantis
1744 436 1848 476 ante
1888 432 2045 486 eciam,

423 518 559 561 quam
596 505 642 546 in
676 503 934 546 Sardiniam
965 504 1066 557 iret,
1108 504 1155 546 in
1187 504 1275 547 isto
1309 504 1547 560 proposito
1589 507 1700 546 erat.
1763 505 2047 547 Recordatur

423 575 565 618 eciam
601 574 730 630 regia
765 574 1036 630 benignitas,
1078 577 1297 630 quantum
1329 577 1546 631 operatus
1585 577 1654 617 est
1685 575 1832 617 dictus
1872 573 2044 616 amicus

423 649 467 688 et
507 645 765 701 specialiter
809 645 856 687 in
894 644 1016 687 dicta
1060 645 1363 701 acquisicione
1396 644 1623 698 Sardinie3
1670 659 1776 687 nam
1817 645 1915 700 ipse
1958 643 2048 686 fuit

423 716 583 758 efficax
604 715 892 772 principium,
925 715 1135 758 videlicet
1166 716 1211 757 in
1233 715 1355 758 facto
1377 715 1540 758 iudicis
1561 716 1779 769 Arboree,
1814 716 1934 771 quod
1959 713 2047 756 fuit

421 789 528 844 post
558 786 760 842 graciam
792 786 877 828 Dei
913 786 1182 842 principalis
1215 799 1355 828 causa
1386 786 1533 829 tocius
1570 786 1746 842 negocii
1778 820 1786 828 .
1823 820 1831 828 .
1867 820 1876 828 .
1938 786 2044 827 Dat.

421 857 647 899 Auinione
679 857 754 899 VI.
789 857 860 899 die
891 857 1117 912 presentis
1148 856 1316 900 mensis
1347 856 1471 898 Julii.

563 926 653 962 CRD
680 928 783 963 4174.
834 927 891 963 Or.
918 927 1002 971 Pap.
1032 927 1106 971 Ssp.

424 1071 521 1112 397.
554 1070 675 1112 Zwei
709 1069 960 1113 Schreiben
986 1069 1219 1123 Napoleon
1242 1068 1424 1111 Orsim's
1457 1081 1515 1111 an
1536 1068 1700 1111 Infant
1722 1068 1919 1112 Alfonso
1951 1067 2046 1110 und

421 1142 583 1196 Jayme
613 1141 701 1183 IL:
733 1140 916 1184 Freude
955 1141 1072 1182 iiber
1112 1139 1200 1181 den
1231 1139 1641 1182 Friedensschluss
1682 1140 1772 1181 mit
1801 1139 1913 1181 Pisa
1952 1138 2046 1180 und

422 1213 539 1254 iiber
582 1211 664 1254 das
694 1212 987 1264 Errungene3
1030 1210 1264 1263 Mahnung
1306 1223 1390 1252 zur
1434 1211 1578 1263 guten
1609 1209 1921 1262 Behandlung
1964 1209 2049 1251 der

501 1282 791 1325 Untertanen
822 1281 916 1323 und
948 1293 1030 1323 zur
1059 1281 1295 1323 Vorsicht.
1357 1281 1573 1334 Avignon
1604 1280 1758 1335 (1324)
1788 1280 1890 1324 Juli
1920 1280 1963 1322 8.

567 1380 603 1418 1.
637 1375 891 1418 Letificavit
922 1388 1003 1417 nos
1037 1375 1284 1430 gaudiosus
1316 1374 1419 1417 finis
1452 1377 1497 1416 et
1527 1373 1755 1430 gloriosus
1787 1374 2047 1430 triumphus

425 1446 554 1489 avide
587 1449 863 1502 expectatus,
899 1459 1031 1501 quem
1053 1445 1184 1488 nobis
1211 1445 1444 1501 aportavit
1472 1448 1727 1488 vestrarum
1754 1445 1894 1488 series
1926 1444 2048 1487 litte-

423 1531 578 1560 rarum
604 1520 787 1572 recepta
816 1516 966 1559 animo
996 1516 1256 1566 letabundo,
1281 1517 1616 1572 congaudentes
1641 1530 1777 1571 quam
1798 1515 2047 1572 plurimum

425 1587 701 1631 conclusioni
733 1587 867 1641 felici,
913 1600 1049 1642 quam
1089 1588 1142 1629 de
1174 1587 1316 1629 tantis
1352 1586 1602 1640 laboribus,
1643 1586 1857 1642 periculis
1897 1589 1941 1629 et
1974 1600 2047 1628 ex-

423 1659 575 1716 pensis
606 1658 837 1714 preteritis
865 1661 910 1700 et
932 1658 985 1700 de
1017 1657 1170 1700 futuro
1198 1657 1354 1701 forsan
1376 1657 1677 1700 formidandis
1708 1657 1835 1713 pacis
1868 1660 1912 1699 et
1943 1669 2048 1699 con-

425 1731 574 1774 cordie
606 1730 766 1772 titulus
794 1729 962 1783 attulit,
994 1729 1199 1785 pensatis
1232 1729 1457 1782 omnibus,
1489 1728 1738 1785 plurimum
1771 1728 2047 1781 fructuosus,

426 1815 557 1857 quem
590 1800 839 1844 altissimus
865 1801 988 1843 Deus
1018 1800 1138 1843 inter
1169 1814 1250 1844 vos
1282 1803 1326 1843 et
1358 1814 1542 1843 comune
1567 1800 1777 1843 Pisarum
1810 1799 1933 1842 dedit
1965 1812 2047 1842 suo

423 1886 607 1915 munere
629 1872 852 1927 gracioso,
884 1885 968 1927 pro
995 1884 1086 1928 qua
1107 1871 1350 1914 concordia
1370 1871 1600 1926 utrimque
1623 1873 1820 1923 servata,
1853 1870 1906 1923 si,
1930 1871 2048 1913 sicut

426 1944 696 1985 credendum
735 1945 804 1984 est
836 1942 996 1985 civitas
1029 1941 1194 1985 Pisana
1235 1955 1319 1998 pro
1357 1941 1702 1996 magnificencia
1735 1954 1899 1983 corone
1930 1942 2047 1983 Ara-

425 2014 556 2069 gonie
598 2013 788 2066 steterit,
835 2014 1030 2055 honores
1078 2016 1121 2055 et
1163 2013 1353 2055 comoda
1396 2015 1492 2054 tam
1537 2012 1825 2054 serenissimo
1865 2011 2049 2054 domino

425 2085 522 2140 regi
563 2098 698 2140 quam
730 2084 860 2127 vobis
899 2086 1113 2140 poterunt
1156 2083 1350 2140 plurima
1390 2082 1630 2138 provenire
1664 2116 1673 2124 .
1709 2116 1717 2124 .
1753 2117 1761 2124 .
1797 2081 2047 2125 Scribimus

426 2156 606 2198 domino
639 2155 769 2210 regi.
795 2189 803 2196 .
830 2189 838 2196 .
862 2154 908 2196 in
939 2153 1089 2196 forma
1120 2154 1310 2196 interius
1342 2153 1603 2206 interclusa,
1638 2166 1774 2209 quam
1807 2152 2050 2209 diligenter

426 2227 708 2268 attendentes
727 2225 977 2268 ortationes
994 2225 1098 2268 illas
1114 2224 1295 2280 placeat
1312 2225 1556 2267 observare
1575 2225 1632 2277 et,
1652 2226 1872 2280 quantum
1894 2226 2048 2279 potest

425 2296 537 2350 fieri,
571 2310 672 2351 cum
705 2296 918 2352 prudenti
951 2296 1125 2338 cautela
1158 2295 1222 2338 sic
1245 2295 1464 2338 ordinetis
1486 2294 1683 2337 insulam
1717 2295 1880 2337 eteius
1905 2294 2047 2337 forta-

424 2367 529 2409 licia
561 2370 606 2410 et
636 2367 833 2409 maxime
856 2367 976 2409 circa
997 2368 1199 2409 castrum
1222 2364 1372 2408 Galeri
1395 2365 1654 2419 existencia,
1689 2366 1808 2421 quod
1836 2365 2048 2408 debilitas

426 2438 628 2481 custodie
662 2472 669 2479 .
705 2472 713 2479 .
749 2472 757 2479 .
790 2450 881 2480 non
925 2438 1000 2480 det
1045 2437 1329 2480 occasionem
1375 2436 1510 2479 alicui
1544 2471 1552 2478 .
1588 2471 1596 2478 .
1632 2471 1639 2478 .
1675 2437 1778 2479 Dat.
1820 2436 2049 2479 Auinione

426 2509 497 2551 die
529 2509 648 2551 VIII.
682 2508 850 2551 mensis
881 2508 1004 2550 Julii.

568 2582 606 2621 2.
642 2614 650 2620 .
686 2614 694 2621 .
730 2613 738 2621 .
772 2580 865 2621 Nec
904 2580 972 2622 est
1003 2578 1230 2621 modicum
1262 2592 1427 2621 munus
1460 2578 1556 2631 Dei,
1600 2578 1721 2633 quod
1761 2577 1880 2619 infra
1913 2576 2049 2619 unius

428 2650 533 2692 anni
566 2650 770 2705 spacium
806 2664 897 2692 non
931 2652 999 2692 est
1036 2650 1083 2691 in
1114 2648 1265 2691 insula
1297 2647 1506 2691 Sardinie
1544 2649 1724 2704 palmus
1756 2651 1890 2700 terre,
1935 2647 2046 2702 quin

426 2720 497 2763 vel
528 2721 788 2763 immediate
819 2734 901 2776 per
931 2733 1013 2763 vos
1040 2722 1083 2762 et
1113 2720 1265 2776 ipsum
1297 2721 1367 2762 vel
1405 2733 1489 2775 pro
1522 2719 1650 2762 vobis
1685 2732 1712 2761 a
1742 2719 1906 2761 vestris
1938 2718 2046 2760 fide-

425 2791 546 2834 libus
577 2791 622 2833 in
654 2791 837 2833 feudum
867 2794 1090 2844 teneatur,
1130 2793 1174 2834 et
1204 2804 1286 2846 per
1316 2790 1569 2846 predictam
1602 2789 1902 2841 concordiam,
1941 2789 2048 2830 licet

426 2862 554 2918 prius
588 2865 737 2905 essent
767 2862 913 2905 solida
943 2865 1093 2905 vestre
1124 2861 1464 2917 magnificencie
1496 2861 1598 2903 iura
1634 2860 1942 2917 predictorum
1974 2859 2046 2901 Pi-

428 2946 641 2975 sanorum
673 2933 805 2987 pleno
839 2947 1072 2985 consensu,
1107 2932 1183 2988 qui
1215 2933 1383 2975 dictam
1415 2932 1611 2974 insulam
1644 2931 1856 2973 dicuntur
1892 2943 2046 2985 posse-

428 3004 547 3046 disse
578 3002 892 3058 principaliter
932 3017 1014 3059 per
1044 3006 1270 3045 trecentos
1305 3006 1349 3045 et
1382 3003 1494 3045 duos
1527 3015 1683 3055 annos,
1727 3000 1945 3043 solidiora
1977 3013 2051 3042 re-
