2296 3512
936 254 1255 295 —683—

288 386 454 424 etatem
487 382 594 424 eius.
669 382 727 423 Et
773 381 1006 423 mandavit
1051 381 1133 433 eis,
1188 383 1305 437 quod
1353 397 1451 424 cum
1501 382 1713 436 predictis
1763 382 1905 437 galeis

289 452 641 495 transfretarent
674 453 730 493 ad
764 452 991 507 predictas
1025 456 1179 506 partes
1212 453 1429 494 Romanie
1464 456 1506 495 et
1538 453 1791 508 predictum
1823 454 1905 494 im-

286 525 543 579 peratorem
590 522 843 564 niterentur
889 521 1113 564 offendere
1166 525 1262 564 toto
1315 536 1459 578 posse.
1538 524 1594 564 Et
1647 523 1906 578 specialiter

286 594 500 636 deberent
541 606 587 635 se
630 592 832 635 conferre
887 593 944 634 ad
998 594 1219 647 quasdam
1263 593 1461 645 insulas,
1526 608 1610 649 que
1656 599 1761 635 sunt
1797 593 1905 635 dicti

285 663 589 719 imperatoris,
628 663 842 718 ipsasque
875 664 1108 705 studerent
1140 663 1352 704 invadere
1387 667 1429 705 et
1456 665 1640 706 habere:
1678 665 1791 707 scito
1824 678 1906 719 per

287 734 517 776 dominum
559 747 732 789 regem,
777 734 1018 775 admodum
1071 736 1114 775 et
1160 747 1377 788 perquam
1427 735 1621 775 maxime
1654 734 1750 776 fore
1781 734 1905 787 utile,

286 804 324 847 si
367 805 684 846 habitarentur
729 808 771 846 et
815 807 1076 846 tenerentur
1120 817 1146 845 a
1180 803 1414 846 catholicis
1457 805 1727 847 christianis.
1790 807 1906 847 Nam
1942 834 1951 839 -

285 875 542 917 huiusmodi
568 875 714 916 insule
742 878 847 917 sunt
882 875 1057 930 regioni
1081 874 1410 916 Saracenorum
1435 875 1641 929 opposite
1665 879 1709 917 et
1735 876 1906 931 specia-

284 945 388 987 liter
425 948 545 987 terre
577 946 743 1001 Egipti.
808 946 879 987 Ita
917 946 1037 1000 quod
1068 945 1213 987 inulta
1252 948 1295 987 et
1333 945 1492 1000 gravia
1525 946 1735 1001 dampna,
1768 947 1906 988 immo

284 1016 591 1058 intolerabilia
628 1016 845 1058 sentirent
869 1016 972 1058 inde
996 1015 1211 1057 Saraceni
1233 1017 1436 1071 parcium
1463 1017 1724 1068 earundum,
1763 1018 1906 1059 eundo

284 1087 507 1139 videlicet,
556 1088 783 1129 redeundo
817 1090 860 1128 et
893 1088 1171 1130 transeundo
1205 1101 1302 1129 cum
1339 1101 1493 1129 eorum
1528 1087 1831 1130 mercimoniis
1865 1090 1908 1129 et

285 1159 339 1201 de
371 1158 468 1201 1000
510 1159 566 1200 ad
604 1158 751 1200 locum
794 1158 1053 1201 necessaria
1090 1158 1436 1201 transvehendo.
1499 1159 1556 1199 Et
1589 1158 1795 1200 dominus
1829 1173 1907 1200 rex

283 1229 375 1271 iani
414 1229 686 1285 permiserat
723 1231 963 1285 precedere
995 1229 1326 1284 Berlingerium
1367 1230 1419 1270 de
1458 1230 1661 1270 Entenza
1694 1243 1794 1270 cum
1828 1229 1909 1270 ali-

286 1300 449 1355 quibus
483 1300 625 1355 galeis
658 1303 977 1351 tractaturum,
1012 1300 1051 1343 si
1082 1300 1148 1341 ita
1182 1302 1313 1351 esset,
1358 1313 1490 1354 quem
1525 1300 1767 1341 admodum
1801 1300 1909 1342 dicti

283 1371 464 1423 milites,
500 1371 576 1427 qui
614 1372 856 1423 redierant,
890 1371 1158 1420 recitabant,
1202 1373 1245 1412 et
1279 1371 1397 1426 quod
1438 1371 1668 1425 predictus
1701 1370 1910 1413 videlicet

283 1441 536 1497 imperator
566 1456 657 1484 non
698 1443 952 1484 attenderet
990 1455 1071 1483 nec
1110 1444 1313 1483 servaret
1352 1441 1575 1496 premissa
1608 1440 1739 1483 dictis
1774 1441 1908 1482 armi-

284 1512 419 1567 geris,
452 1527 540 1555 non
575 1513 791 1555 solvendo
825 1513 887 1555 eis
923 1513 1075 1555 debita
1107 1512 1245 1567 gagia
1278 1514 1321 1553 et
1355 1514 1589 1564 conventa,
1623 1516 1692 1554 set
1723 1512 1906 1567 permit—

285 1584 420 1626 tendo
454 1597 529 1627 eos
563 1584 681 1626 fame
714 1585 876 1639 perire,
905 1585 1023 1639 quod
1048 1583 1156 1625 dicti
1179 1583 1393 1639 armigeri
1417 1583 1635 1625 adversus
1656 1583 1911 1638 predictum

283 1653 605 1710 imperatorem
654 1655 953 1711 insurgerent,
1004 1655 1110 1710 quia
1156 1668 1205 1696 eo
1238 1654 1463 1709 promissa
1494 1656 1689 1709 negante
1725 1667 1807 1695 nec
1846 1654 1909 1696 eis

283 1728 420 1780 pacta
442 1730 664 1778 servante,
688 1726 773 1768 hoc
794 1726 915 1767 licite
937 1725 1085 1767 facere
1104 1728 1315 1780 poterant
1335 1728 1378 1766 et
1396 1725 1620 1767 debebant
1643 1738 1724 1766 nec
1746 1724 1832 1766 sibi
1856 1725 1909 1766 de

285 1795 372 1837 fide
407 1797 602 1852 amplius
635 1797 906 1839 tenebantur
938 1810 1020 1852 pro
1049 1810 1113 1848 eo,
1148 1797 1268 1851 quod
1296 1795 1553 1851 appositum
1588 1795 1673 1837 fuit
1695 1795 1739 1836 in
1762 1795 1909 1850 pactis

285 1866 409 1909 initis
442 1868 561 1909 inter
592 1868 846 1923 predictum
879 1867 1203 1922 imperatorem
1237 1880 1290 1908 ex
1324 1880 1414 1908 una
1445 1870 1576 1921 parte
1610 1869 1653 1907 et
1681 1866 1909 1920 predictos

287 1938 536 1993 armigeros
570 1952 624 1980 ex
662 1938 807 1980 altera
848 1942 951 1979 ante
984 1951 1211 1980 recessum
1244 1937 1545 1993 predictorem
1580 1941 1910 1991 armigerorum

287 2009 340 2050 de
374 2007 527 2051 Sicilia
566 2012 609 2051 et
642 2012 746 2064 post
789 2022 870 2063 per
902 2009 1093 2050 eundem
1136 2008 1459 2063 imperatorem
1505 2011 1615 2062 aput
1648 2006 1908 2049 Constanti-

286 2079 487 2134 nopolim
520 2080 780 2135 acceptatis,
818 2080 951 2135 quod,
986 2079 1025 2122 si
1059 2079 1288 2133 predictus
1319 2079 1571 2134 imperator
1593 2091 1683 2120 non
1706 2081 1910 2121 servaret

288 2149 351 2192 eis
383 2150 588 2205 predicta
631 2155 780 2206 pacta,
823 2154 890 2194 set
932 2150 1142 2193 deficeret
1184 2150 1229 2191 in
1264 2150 1445 2201 eisdem,
1487 2149 1608 2191 licite
1649 2152 1835 2204 possent
1868 2152 1911 2190 et

286 2220 375 2275 ipsi
406 2221 493 2263 sibi
526 2221 727 2274 deficere,
766 2222 1041 2277 insurgendo
1082 2222 1298 2263 adversus
1333 2234 1432 2262 eum
1473 2223 1516 2262 et
1547 2223 1789 2276 propterea
1821 2233 1910 2261 non

286 2294 548 2333 tenerentur
591 2292 677 2334 sibi
722 2294 775 2334 de
818 2292 905 2334 fide
961 2292 1152 2334 ulterius
1202 2292 1534 2347 quoquomodo.
1613 2290 1712 2332 Hoc
1760 2293 1909 2331 autem

287 2361 494 2404 dominus
528 2376 607 2404 rex
638 2362 835 2404 faciebat
867 2363 1172 2415 considerans,
1208 2364 1341 2418 quod,
1375 2362 1414 2405 si
1446 2363 1530 2404 hoc
1562 2361 1765 2403 futurum
1799 2364 1908 2412 erat,

288 2436 446 2488 postea
463 2432 565 2474 inde
582 2433 879 2487 proveniretb)
898 2434 1123 2476 maximus
1141 2433 1371 2487 profectus
1395 2437 1438 2475 et
1456 2434 1599 2475 honor
1621 2434 1909 2475 sacrosancte

287 2504 488 2546 Romane
535 2504 673 2545 matri
721 2503 906 2547 ecclesie
956 2504 1130 2560 totique
1186 2503 1509 2546 christianitati
1563 2513 1605 2546 et
1653 2502 1910 2557 specialiter

286 2574 525 2630 magnifico
575 2574 755 2616 domino
790 2575 957 2617 Karolo
999 2575 1091 2617 filio
1126 2575 1296 2617 domini
1332 2575 1453 2629 regis
1487 2575 1520 2616 F
1524 2573 1694 2626 rancie,
1743 2573 1906 2615 dilecto

288 2646 557 2687 consobrino
584 2658 678 2696 suo,
714 2645 839 2686 cuius
874 2658 1001 2687 amor
1034 2647 1091 2688 ad
1122 2646 1207 2688 1100
1229 2645 1488 2701 specialiter
1509 2645 1716 2686 incitavit
1740 2644 1909 2685 dictum

287 2716 518 2758 dominum
542 2729 706 2770 regem,
732 2715 884 2771 sicque
908 2715 1032 2758 dedit
1053 2716 1098 2757 in
1116 2716 1345 2758 mandatis
1368 2717 1488 2758 dicto
1513 2715 1693 2757 domino
1714 2714 1907 2757 Sanchio

286 2786 420 2829 fratri
474 2800 555 2829 suo
611 2789 654 2827 et
695 2785 795 2828 aliis
844 2785 1065 2829 militibus
1111 2786 1502 2841 proficiscentibus
1544 2800 1645 2827 011111
1692 2784 1907 2839 predictis

287 2858 439 2900 decem
473 2857 629 2913 galeis,
674 2858 806 2912 quod,
850 2856 889 2899 si
920 2856 1037 2898 forte
1077 2857 1335 2900 huiusmodi
1379 2870 1509 2899 casus
1555 2856 1789 2906 accideret,
1822 2854 1909 2909 ipsi

286 2928 494 2984 requisiti
525 2928 596 2969 vel
618 2942 705 2970 non
740 2927 947 2982 requisiti
981 2940 1006 2968 a
1037 2927 1251 2981 predictis
1279 2927 1518 2983 armigeris
1551 2925 1906 2981 insurgentibus,

428 3034 458 3078 b)
483 3033 668 3077 provenire
694 3032 848 3067 Ausfert.
