2296 3512
1063 242 1381 283 —682—

412 369 517 410 dum
541 369 660 423 quod
684 371 751 410 est
773 369 826 410 de
853 368 945 410 ritu
977 382 1055 411 seu
1087 383 1211 411 more
1245 372 1695 425 armugavaroruma)
1731 372 2027 427 Hyspanie.2)

411 439 501 481 Eos
558 452 583 480 a
636 452 682 480 se
729 439 930 481 volentes
978 440 1186 482 recedere
1232 454 1321 483 non
1368 444 1549 497 poterat
1605 442 1797 484 retinere
1845 442 2028 495 invitos,

413 509 619 564 quamvis
678 509 886 551 dominus
953 523 1033 551 rex
1085 510 1131 552 in
1190 511 1424 553 retinendo
1487 525 1561 554 eos
1619 512 1776 555 fecerit
1826 513 2032 555 totaliter

411 593 545 636 posse
579 593 723 622 suum.

554 663 846 705 Postmodum
905 675 1115 706 successu
1174 664 1393 720 temporis
1457 665 1748 708 redeuntibus
1819 666 1865 707 in
1923 665 2032 708 Sici-

410 733 518 775 liam
576 733 803 788 aliquibus
851 734 904 775 de
951 734 1210 777 huiusmodi
1252 735 1495 787 militibus,
1541 736 1617 791 qui
1673 749 1773 777 cum
1824 737 2031 791 predicto

411 803 554 846 fratre
594 805 791 859 Rogerio
824 804 1019 860 profecti
1050 804 1244 857 fuerant,
1287 810 1382 847 tam
1415 819 1497 861 per
1530 819 1604 849 eos
1638 820 1773 861 quam
1806 820 1887 862 per
1921 806 2033 849 alios

410 875 640 918 venientes
679 875 733 917 de
774 875 990 930 predictis
1032 876 1240 931 partibus
1273 877 1492 918 Romanie
1534 877 1680 919 dictus
1714 878 1922 919 dominus
1954 891 2034 919 rex

412 946 586 1001 accepit
609 949 651 987 et
675 945 819 998 scivit,
855 947 975 1001 quod
996 947 1246 1002 imperator
1269 946 1800 1002 Constantinopolitauus
1822 962 1913 990 000
1938 947 2034 1003 qui-

412 1017 567 1058 etabat
595 1017 652 1071 (12)
692 1017 835 1058 dictos
870 1017 1119 1072 armigeros
1166 1030 1247 1058 nec
1289 1018 1423 1058 etiam
1458 1021 1606 1072 pacta,
1651 1032 1736 1073 que
1769 1018 1832 1060 eis
1864 1017 2035 1060 fecerat

412 1090 454 1128 et
477 1088 763 1143 promiserat,
792 1088 908 1130 sicut
930 1087 1188 1129 referebant
1211 1087 1320 1128 dicti
1342 1087 1522 1140 milites,
1547 1088 1820 1130 observabat
1845 1089 2034 1130 eisdem:

410 1158 477 1200 ita
515 1159 636 1213 quod
676 1158 795 1199 fame
829 1159 1041 1201 cohactos
1074 1158 1317 1213 oportebat
1350 1171 1425 1200 eos
1459 1172 1646 1213 querere
1680 1162 1723 1200 et
1757 1172 1915 1214 capere
1949 1160 2038 1201 sibi

410 1241 492 1284 per
533 1228 625 1269 vim
666 1229 923 1271 necessaria
966 1229 1057 1270 vite
1098 1242 1150 1271 ac
1187 1229 1426 1284 depredari
1465 1229 1510 1270 111
1555 1229 1758 1284 0110113111
1792 1230 2036 1284 regionem.

410 1298 537 1341 Unde
586 1299 625 1341 si
672 1299 880 1342 dominus
929 1313 1008 1341 rex
1046 1300 1248 1341 mitteret
1288 1299 1443 1355 galeas
1490 1313 1595 1342 suas
1645 1301 1702 1342 ad
1733 1304 1887 1355 partes
1919 1300 2037 1353 illas,

410 1369 542 1412 facile
586 1370 863 1424 reputabant
903 1371 1138 1425 insurgere
1180 1383 1314 1424 posse
1353 1371 1499 1412 dictos
1535 1370 1786 1426 armigeros
1820 1372 2037 1413 adversus

410 1440 662 1494 predictum
695 1440 1029 1494 imperatorem.
1094 1440 1224 1492 Quod
1258 1441 1297 1483 si
1331 1446 1591 1495 emergeret,
1625 1442 1744 1483 dicto
1768 1441 2041 1496 imperatori

409 1510 456 1552 in
488 1511 808 1566 gravissimum
849 1511 1169 1553 detrimentum
1209 1515 1253 1553 et
1290 1512 1596 1565 perdicionem
1629 1514 1808 1555 cederet
1838 1511 2036 1553 finaliter

410 1584 529 1623 terre
579 1595 669 1623 sue.
748 1583 806 1623 Et
851 1582 943 1624 iam
988 1582 1272 1635 multotiens,
1322 1583 1361 1625 si
1408 1583 1676 1636 voluissent,
1720 1582 1916 1625 habendi
1948 1582 2035 1625 sibi

410 1653 568 1694 urbem
601 1651 1154 1707 Constantinopolitanam
1187 1652 1383 1696 facultas
1417 1667 1464 1696 59
1499 1654 1562 1696 915
1605 1654 1769 1708 optulit
1796 1656 2033 1707 oportuna.

410 1723 632 1767 Dominus
674 1727 825 1766 autem
867 1738 946 1766 rex
979 1724 1066 1767 hiis
1106 1724 1317 1780 cognitis,
1362 1724 1478 1767 sicut
1509 1724 1604 1777 ille,
1639 1725 1716 1780 qui
1749 1724 2040 1767 voluntarius

411 1798 479 1836 est
520 1807 746 1849 opponere
785 1808 831 1836 se
865 1798 909 1836 et
941 1795 1032 1838 illis
1066 1795 1313 1846 adversari,
1359 1796 1436 1850 qui
1467 1795 1777 1838 inobedientes
1811 1798 1916 1838 sunt
1948 1794 2038 1837 Ro-

410 1878 542 1907 mane
589 1865 773 1908 ecclesie
819 1868 863 1906 et
910 1869 1069 1910 contra
1116 1866 1252 1907 fidem
1300 1866 1570 1908 catholicam
1620 1866 1888 1917 moliuntur,
1939 1879 2040 1907 cum

410 1936 579 1979 nuntiis
625 1936 719 1979 suis
766 1936 918 1979 missis
959 1937 1133 1991 pridem
1183 1950 1263 1991 per
1313 1951 1414 1978 eum
1467 1938 1524 1979 ad
1571 1938 1822 1979 Romanam
1869 1936 2040 1979 curiam

410 2007 534 2049 misit
596 2008 708 2049 duos
770 2009 936 2049 tratres
998 2007 1312 2050 Predicatores
1363 2008 1419 2049 ad
1468 2007 1705 2049 dominum
1749 2005 2040 2048 Benedictum

410 2078 524 2119 bone
557 2077 772 2119 memorie
805 2078 1059 2120 Romanum
1092 2077 1407 2133 pontificem3),
1440 2092 1520 2133 per
1562 2090 1674 2133 quos
1706 2077 1865 2132 petivit
1899 2077 1953 2118 ab
1989 2088 2039 2117 eo

412 2149 498 2191 sibi
546 2149 788 2190 concedere
830 2148 1087 2199 licenciam,
1138 2149 1177 2191 si
1218 2150 1272 2191 de
1318 2149 1599 2204 beneplacito
1649 2162 1730 2191 suo
1763 2148 2040 2203 procederet>

410 2220 531 2274 quod
572 2219 667 2273 ipse
707 2219 1028 2274 imperatorem
1068 2219 1314 2262 offenderet
1350 2223 1664 2262 memoratum.
1731 2218 1821 2271 Qui
1859 2218 2041 2273 quidem

411 2303 613 2333 summus
652 2289 855 2344 pontifex
896 2290 1129 2344 respondit
1173 2304 1308 2345 super
1351 2291 1435 2333 hoc
1480 2291 1613 2333 dictis
1647 2290 1886 2340 fratribus,
1921 2288 2041 2344 quod

412 2363 510 2403 erat
561 2360 806 2415 plurimum
864 2361 950 2404 sibi
1002 2366 1197 2417 gratum.
1281 2362 1367 2403 Per
1421 2374 1560 2417 quam
1613 2361 1850 2402 licenciam
1895 2360 2040 2401 dictus

412 2431 619 2474 domiuus
692 2446 770 2473 rex
826 2432 1063 2474 mandavit
1123 2436 1167 2474 et
1230 2431 1340 2474 facit
1413 2431 1583 2473 armari
1652 2433 1803 2474 decem
1871 2430 2038 2486 galeas.

412 2501 588 2553 Quibus
641 2503 831 2545 armatis
879 2503 1112 2557 preposuit
1169 2503 1367 2545 nobilem
1411 2501 1659 2545 Sanchium
1710 2504 1763 2544 de
1808 2500 2041 2556 Aragonia

411 2572 600 2614 fratrem
651 2574 823 2628 suum4)
865 2574 1078 2616 adhibitis
1118 2574 1203 2616 sibi
1251 2573 1479 2616 nonnullis
1526 2573 1746 2615 militibus
1782 2571 2041 2614 maturiori-

411 2643 495 2685 bus
550 2643 595 2684 111
647 2644 932 2687 consiliarios
980 2647 1023 2686 et
1066 2645 1328 2700 guidatores
1383 2644 1526 2698 ipsius
1586 2647 1771 2698 propter
1802 2641 2041 2684 iuvenilem

554 2759 580 2803 ⁴²)
606 2760 648 2793 D.
682 2761 716 2794 h.
749 2760 936 2805 eigentlich
972 2760 1062 2794 doch
1100 2761 1160 2794 fiir
1197 2759 1262 2794 alle
1296 2761 1514 2795 Unteitanen
1555 2761 1617 2794 der
1653 2760 1861 2803 spanischen
1900 2758 2039 2792 Reiche.

410 2819 535 2862 Jayme
562 2818 798 2864 entschuldigt
822 2819 917 2854 59109
938 2819 1222 2863 Zuriiekhaltung
1245 2820 1281 2863 J'a
1305 2820 1395 2854 auch
1421 2820 1512 2854 'oster
1538 2819 1601 2853 mit
1628 2819 1745 2853 diesen
1768 2817 1992 2861 Privilegien.

553 2887 580 2932 3)
607 2882 705 2923 Uber
735 2890 830 2923 diese
857 2889 1126 2923 Gesandtschaft
1161 2888 1295 2923 euthalt
1325 2890 1384 2923 das
1416 2889 1576 2933 Register
1601 2889 1788 2923 Benedikts
1813 2888 1878 2925 XI.
1915 2888 2040 2922 nicbts.

553 2958 581 3003 ⁴)
606 2959 672 2993 Ein
698 2958 918 2993 Halbbruder
942 2959 1152 3002 Friedrichs,
1178 2958 1378 3004 illegitimer
1403 2959 1498 2994 Sohn
1516 2960 1646 2993 Pedros
1664 2959 1742 3001 111„
1768 2958 1944 2992 Kastellan
1974 2969 2041 2992 von

411 3018 589 3062 Emposta
