2296 3512
1042 190 1361 231 —600—

388 316 666 369 Gesandten‚
698 317 804 359 ihre
825 316 1218 370 Verhandlungen
1251 328 1400 370 gegen
1433 316 1522 359 den
1545 317 1765 360 Infanten
1796 318 1890 360 und
1922 318 2011 361 den

675 386 848 441 Kiinig.
911 387 1126 441 Avignon
1157 387 1311 442 (1323)
1344 386 1618 442 September
1648 388 1721 431 30.

527 481 605 515 Den
630 479 707 524 Kgl.
733 479 832 514 Brief
863 490 907 514 an
939 479 1006 514 den
1031 480 1138 524 Papst
1168 491 1229 524 pro
1262 480 1408 516 ecclesia
1431 480 1602 524 Ispalensi
1633 481 1695 515 hat
1727 482 1789 516 der
1812 482 1899 516 Bote
1930 482 2009 516 dem

387 539 494 584 Papst
516 539 731 583 iibergeben3
763 538 896 572 hierbei
928 539 1088 573 bedurfte
1115 550 1151 574 es
1176 540 1293 574 weder
1317 540 1434 574 seiner
1464 540 1554 573 noch
1580 540 1675 575 eines
1700 541 1852 575 anderen
1878 540 2008 584 Hiilie3

386 599 448 632 der
472 599 578 642 Papst
602 597 756 632 schreibt
781 597 860 631 dem
885 597 1019 642 Konige
1045 597 1152 632 selbst
1170 598 1335 641 dariiber3
1362 598 1491 632 sowohl
1517 598 1578 632 fiir
1602 598 1695 633 diese
1713 599 1842 634 Kirche
1860 599 1924 634 wie
1949 600 2012 633 fiir

385 657 464 701 jede
490 657 628 696 andere,
655 657 715 690 fiir
740 656 795 690 die
821 655 883 689 der
900 656 1014 701 K'cnig
1038 656 1150 699 bittet,
1176 657 1295 691 wiirde
1321 667 1359 690 er
1383 657 1447 690 mit
1478 657 1669 691 Rucksicht
1693 658 1754 691 auf
1779 658 1840 692 ihn
1865 659 1936 692 und
1954 658 2010 692 die

386 716 535 759 Konigin
572 715 643 749 und
676 725 738 749 aus
769 714 875 749 Liebe
907 725 1018 759 gegen
1049 715 1104 749 die
1135 715 1412 749 Personlichkeit
1443 717 1572 759 (amore
1602 715 1696 750 illius
1732 718 1894 761 persone)
1924 728 2010 761 geru

386 774 496 808 bereit
521 774 596 808 sein
623 785 666 807 zu
690 774 831 810 wirken.

529 834 641 883 Quia
672 847 777 876 vero
811 833 996 876 nuntius
1018 833 1149 876 vobis
1177 833 1305 886 dixit,
1328 835 1449 889 quod
1471 847 1609 876 unam
1631 834 1831 877 litteram
1854 837 2010 891 portat

387 903 564 947 domine
596 904 749 959 regine
783 917 836 946 ex
868 906 999 959 parte
1026 904 1196 947 domini
1224 904 1370 947 nostri
1397 907 1441 946 et
1473 905 1586 947 duas
1626 905 1766 957 vobis,
1790 906 2010 962 suspicati

384 974 572 1028 fuimus,
632 976 752 1030 quod
798 975 845 1016 in
893 975 1038 1017 altera
1083 975 1266 1017 illarum
1313 974 1507 1018 forsitan
1565 977 1621 1018 ad
1667 976 2009 1031 requisitionem

384 1045 655 1088 Pisanorum
698 1059 834 1101 super
878 1046 1150 1088 tractatibus
1193 1045 1400 1088 Sardinie
1442 1045 1615 1101 aliquid
1654 1046 1783 1090 vobis
1824 1048 2007 1090 scribat.

387 1114 518 1168 Quod
563 1116 601 1159 si
644 1116 710 1158 ita
744 1119 824 1169 est,
867 1116 1143 1160 consulimus
1175 1130 1260 1172 pro
1292 1116 1483 1169 meliori,
1527 1118 1648 1172 quod
1680 1119 1862 1160 servata
1893 1118 2011 1160 bona

384 1187 633 1243 prudencia
673 1190 718 1229 et
748 1187 986 1230 honestate
1026 1187 1254 1242 loquendi,
1297 1187 1414 1230 sicut
1459 1187 1690 1243 sapiencia
1731 1188 1858 1243 regia
1897 1190 2010 1232 bene

384 1258 430 1300 in
453 1257 622 1300 talibus
647 1261 715 1301 est
738 1261 939 1313 experta,
968 1257 1284 1313 respondeatis
1309 1258 1563 1314 magnifice,
1588 1260 1708 1314 quod
1731 1259 1875 1302 omnis
1902 1273 2011 1302 vera

383 1341 474 1384 pax
510 1341 609 1370 cum
644 1328 986 1384 quibuscunque
1013 1329 1380 1384 expugnantibus
1412 1342 1494 1372 vos
1528 1332 1571 1371 et
1605 1330 1786 1372 domum
1810 1332 2006 1373 vestram

385 1413 565 1454 semper
605 1400 734 1442 vobis
775 1399 949 1455 placuit
988 1402 1031 1442 et
1069 1400 1279 1455 placebit.
1343 1400 1511 1442 Tamen
1552 1401 1806 1443 comunitas
1844 1400 2010 1443 Pisana

385 1470 530 1525 gratis
563 1472 606 1512 et
639 1470 734 1512 sine
767 1470 949 1512 racione
983 1470 1059 1512 diu
1090 1484 1173 1513 vos
1206 1470 1371 1514 vestris
1402 1470 1577 1514 iuribus
1608 1471 1655 1512 in
1691 1471 2010 1513 contumeliam

385 1543 543 1584 sancte
576 1540 775 1594 ecclesie,
810 1540 936 1583 cuius
970 1541 1017 1583 in
1054 1542 1140 1584 hoc
1176 1541 1296 1583 vices
1329 1541 1479 1597 agitis,
1519 1542 1760 1584 temerarie
1796 1542 2011 1598 spoliavit

385 1614 429 1653 et
460 1615 637 1654 tantum
670 1624 751 1655 vos
783 1611 891 1654 fecit
924 1613 1175 1667 expendere
1202 1615 1356 1668 preter
1387 1612 1542 1655 illatas
1563 1612 1754 1656 iniurias
1788 1613 1933 1668 gratis
1967 1616 2011 1655 et

382 1683 535 1738 impie,
580 1683 714 1739 quod,
755 1683 794 1725 si
825 1684 1096 1725 venderetur
1134 1683 1295 1725 civitas
1327 1683 1495 1726 Pisana
1533 1697 1634 1726 cum
1668 1684 1890 1737 omnibus,
1924 1698 2010 1740 que

383 1754 533 1807 habet,
568 1756 678 1806 estc,
713 1754 833 1809 quod
866 1754 1011 1809 gratis
1037 1754 1310 1797 remiteretis
1332 1754 1538 1807 iniurias,
1570 1768 1660 1797 non
1690 1758 1808 1798 esset
1839 1768 2010 1797 recom-

383 1825 591 1880 pensatio
631 1824 862 1868 sufficiens
900 1838 984 1881 pro
1025 1826 1224 1867 emenda.
1288 1826 1380 1868 Nec
1418 1825 1820 1868 consideraverunt
1856 1825 2011 1868 Pisani

383 1896 777 1939 mansuetudinem
816 1899 1017 1939 vestram
1057 1899 1101 1938 et
1139 1896 1311 1939 domini
1349 1896 1550 1950 infantis,
1593 1897 1713 1952 quia,
1747 1910 1849 1939 cum
1881 1899 2010 1939 tauto

385 1968 588 2022 tempore
633 1967 931 2023 spoliaverint
970 1980 1053 2010 vos
1092 1966 1316 2011 fructibus
1357 1967 1486 2023 regni
1527 1968 1668 2011 vestri
1701 1967 1922 2020 Sardinie,
1962 1967 2010 2010 in

383 2036 536 2093 prima
569 2038 663 2080 acie
698 2037 1023 2093 assumptionis
1046 2041 1195 2080 vestre
1229 2041 1273 2081 et
1295 2038 1562 2081 direccionis
1586 2038 1810 2081 exercitus
1833 2038 2007 2094 potuis-

385 2107 496 2150 setis
528 2108 870 2151 racionabiliter
903 2111 947 2151 et
971 2109 1090 2152 iuste
1116 2123 1253 2165 super
1274 2109 1400 2165 ipsos
1433 2109 1641 2152 incautos
1670 2112 1713 2152 et
1744 2109 2009 2152 immunitos

385 2192 570 2221 lrruere.

526 2248 596 2282 Das
621 2248 682 2283 hat
707 2260 746 2283 er
770 2250 868 2284 nicht
891 2251 1006 2294 getan,
1038 2261 1107 2284 nur
1131 2250 1207 2284 sein
1244 2250 1318 2283 ihm
1349 2250 1531 2295 geh'origes
1555 2250 1664 2294 Laud,
1703 2250 1764 2285 das
1790 2251 1840 2284 sie
1865 2250 2009 2293 besetzt,

384 2307 518 2340 wieder
542 2318 745 2351 gewonnen.
795 2308 1019 2343 Schliesslich
1050 2308 1115 2343 soll
1146 2309 1208 2343 der
1233 2309 1346 2353 Kenig
1377 2320 1499 2353 sagen:
1533 2309 1652 2343 Wenn
1683 2310 1738 2344 die
1763 2309 1909 2344 Pisaner
1938 2309 2012 2343 ihm

383 2366 584 2400 reverentia
609 2367 680 2400 und
706 2367 895 2401 satisfactio
919 2367 1117 2412 gewahren,
1143 2378 1180 2402 so
1197 2367 1268 2401 will
1293 2379 1331 2402 er
1347 2368 1398 2402 sie
1424 2379 1461 2402 so
1479 2368 1704 2411 aufnehmen,
1723 2369 1814 2412 quod
1832 2370 1903 2403 tam
1926 2368 2010 2412 ipse,

383 2425 445 2469 qui
471 2424 617 2469 requirit
642 2425 787 2469 (Papst),
820 2425 870 2460 als
895 2426 974 2470 jene
1000 2427 1072 2461 und
1103 2427 1158 2462 die
1189 2437 1297 2471 ganze
1328 2427 1426 2462 Welt
1457 2427 1636 2470 erfahren,
1675 2427 1730 2461 die
1762 2428 1822 2462 das
1852 2427 2012 2462 Unrecht

382 2484 512 2518 kenne:
552 2484 642 2528 quod
679 2484 715 2517 in
747 2484 861 2518 animo
901 2491 1018 2520 vestro
1064 2487 1118 2520 est
1156 2496 1254 2520 amor
1290 2486 1384 2530 pacis
1417 2488 1452 2520 et
1483 2487 1574 2530 quod
1613 2485 1716 2520 etiam
1755 2486 1798 2520 ad
1828 2485 2012 2520 injuriosos

382 2542 503 2577 hostes
528 2543 647 2587 geritis
673 2543 806 2577 viscera
832 2543 980 2587 pietatis.

527 2602 762 2645 Movemur
794 2603 930 2645 etiam
974 2604 1021 2646 in
1053 2604 1239 2660 speciali
1282 2605 1339 2647 ad
1384 2605 1468 2647 hoc
1514 2604 1852 2658 consulendum,
1901 2603 2008 2660 quia

383 2672 532 2715 nuntii
562 2673 831 2716 Pisanorum
863 2674 910 2715 in
940 2674 1031 2716 ista
1064 2675 1189 2717 curia
1220 2676 1356 2719 nimis
1387 2675 1660 2717 laxaverunt
1690 2675 1872 2731 linguas
1904 2687 2011 2718 suas

385 2744 442 2786 ad
485 2743 867 2799 magnificandum
911 2758 958 2787 se
990 2745 1114 2800 ipsos
1150 2780 1157 2787 .
1193 2780 1201 2788 .
1239 2780 1247 2788 .
1283 2749 1326 2789 et
1370 2746 1628 2789 debilitates
1667 2747 1906 2788 mendaces
1944 2745 2011 2787 in-

383 2814 531 2856 incliti
572 2814 742 2857 domini
773 2814 961 2857 infantis
995 2819 1038 2858 et
1070 2816 1140 2858 sui
1174 2817 1397 2860 exercitus
1439 2820 1482 2859 et
1514 2817 1635 2872 quod
1665 2816 1898 2872 penitebat
1932 2829 2010 2859 vos

385 2885 688 2940 assumpsisse
709 2885 941 2941 negotium
974 2888 1019 2928 et
1037 2887 1158 2941 quod
1190 2890 1290 2929 erat
1305 2887 1589 2943 impossibile
1614 2899 1695 2929 vos
1721 2887 1768 2929 in
1796 2885 2009 2928 Sardinia

383 2955 647 3011 prosperari
679 2956 1018 2998 mendaciorum
1053 2957 1337 3001 auditoribus
1371 2958 1516 3000 avidis
1538 2957 1711 3013 pluries
1742 2957 2011 3001 retulerunt,
