2296 3512
1005 256 1058 260 -—
1123 232 1205 273 604
1268 255 1326 261 ——

352 371 453 402 mus
498 358 756 402 serenitatis
801 361 950 401 vestre
990 359 1103 402 duas
1135 359 1376 415 litteras,4)
1409 374 1544 403 unam
1580 361 1733 403 datam
1765 361 1840 404 IV.
1872 361 1976 404 idus

354 429 577 472 Octobris.
612 428 750 472 Cuius
766 429 1048 472 continencia
1063 433 1161 472 erat
1174 434 1280 486 post
1294 431 1552 487 graciarum
1577 431 1781 474 acciones
1799 433 1853 474 de
1871 445 1975 475 con-

353 500 455 543 silio
471 514 554 556 per
570 513 651 542 nos
671 501 791 552 datO,
808 501 929 555 quod
945 500 1072 556 regia
1089 501 1320 557 sapiencia
1337 502 1390 544 de
1409 502 1578 545 amoris
1595 501 1718 545 fonte
1731 504 1976 558 procedere

354 572 667 627 cognoscebat,
701 571 821 626 quod
853 584 935 626 per
965 584 1150 614 manum
1172 577 1378 615 nostram
1413 577 1456 615 et
1483 586 1584 615 cum
1608 573 1794 616 consilio
1818 575 1975 615 nostro

351 642 673 698 procederetur
697 655 780 698 per
804 642 978 697 regiam
1000 646 1302 698 magestatem
1325 643 1371 684 in
1393 642 1664 686 Pisanorum
1687 644 1974 696 tractatibus,

353 712 391 754 si
410 711 487 767 qui
502 711 664 754 forent.
697 713 771 754 Ad
794 713 915 767 quod
938 727 991 755 ex
1014 716 1229 756 consueta
1251 713 1471 756 fidelitate
1494 714 1715 769 sapientie
1736 715 1860 771 regie
1882 728 1976 758 105-

351 783 616 838 pondemus,
635 783 755 838 quod
769 783 972 838 pensatis
990 784 1260 836 turbinibus,
1281 784 1358 839 qui
1379 784 1590 826 videntur
1611 785 1773 827 debere
1793 785 1904 827 oriri
1922 799 1977 827 ex

351 853 638 908 processibus
670 852 762 895 iam
794 853 928 897 factis
953 857 1111 896 contra
1139 868 1293 909 regem
1315 854 1639 908 Romanorum,
1666 855 1705 898 si
1729 856 1975 912 contingat,

352 925 472 980 quod
512 924 743 980 predictus
784 925 992 967 dominus
1031 925 1240 967 Bernabo
1275 925 1447 980 aliquid
1480 925 1590 967 utile
1623 928 1666 968 et
1698 926 1976 982 acceptabile

350 994 708 1051 magnifficencie
752 995 875 1051 regie
920 1010 1020 1038 cum
1058 995 1236 1038 Pisanis
1269 996 1509 1038 tractando
1542 996 1776 1052 repererit,
1807 996 1855 1039 in
1887 1010 1976 1053 quo

350 1066 536 1121 possitis
579 1066 767 1119 firmari,
814 1080 867 1108 ex
912 1080 1031 1108 nunc
1075 1066 1366 1119 consulimus,
1410 1067 1530 1122 quod
1572 1069 1864 1123 acceptentur
1894 1081 1978 1123 per

289 1163 291 1166 -
351 1137 619 1192 sapientiam
650 1137 839 1193 regiam,
872 1139 922 1178 ut
955 1137 1166 1192 expedita
1197 1137 1278 1179 illa
1307 1137 1439 1193 briga
1466 1137 1560 1181 sive
1583 1137 1810 1181 discordia
1831 1139 1977 1194 possit

351 1208 408 1249 ad
439 1207 616 1250 maiora
639 1209 885 1260 attendere,
919 1208 958 1250 si
990 1207 1128 1250 fuerit
1150 1211 1439 1263 oportunum,
1465 1208 1572 1264 quia
1593 1209 1773 1251 videtur
1795 1213 1977 1265 tempus

351 1278 734 1334 appropinquare,
793 1278 838 1319 in
899 1291 986 1333 quo
1042 1278 1129 1319 viri
1190 1279 1394 1321 valentes
1449 1279 1572 1321 intra
1628 1280 1976 1323 christianitatis

350 1349 572 1404 gremium
594 1349 826 1404 reperiant
856 1349 1005 1391 locum
1038 1362 1183 1392 suum.
1246 1350 1287 1391 A
1316 1350 1491 1392 nunciis
1520 1353 1670 1393 autem
1692 1351 1976 1403 Pisanorum,

350 1420 428 1475 qui
459 1419 532 1462 hic
563 1423 682 1472 sunt,
716 1419 853 1461 nichil
885 1419 1105 1462 habemus
1133 1420 1280 1462 adhuc
1301 1420 1498 1473 firmum,
1521 1421 1627 1463 licet
1648 1421 1804 1463 dicant
1825 1435 1872 1464 se
1895 1435 1975 1464 suo

351 1491 530 1533 comuni
570 1491 809 1547 scripsisse
853 1493 897 1532 et
939 1491 1281 1547 responcionem
1321 1506 1459 1548 super
1495 1493 1581 1535 hoc
1613 1496 1864 1548 expectare.
1929 1491 1979 1535 Si

351 1561 480 1604 nobis
525 1562 726 1604 dicerent
773 1561 945 1617 aliquid
999 1563 1339 1618 acceptandum,
1392 1563 1549 1605 statim
1591 1563 1813 1618 sapientie
1852 1563 1977 1619 regie

351 1632 664 1674 scriberemus.
729 1632 828 1674 Hoc
860 1645 942 1688 pro
975 1633 1125 1688 prima
1156 1633 1323 1675 littera.
1385 1633 1472 1675 Pro
1506 1635 1703 1677 secunda
1734 1647 1856 1686 vero,
1890 1647 1978 1690 que

350 1702 609 1745 continebat
653 1702 806 1746 felices
850 1717 1096 1759 progessus
1143 1704 1290 1746 incliti
1336 1707 1379 1746 et
1427 1705 1650 1748 carissimi
1686 1704 1977 1761 primogeniti

348 1774 490 1816 vestri
536 1774 728 1817 illustris
777 1774 948 1817 domini
998 1774 1187 1818 infantis
1239 1774 1421 1818 Alfonsi
1472 1777 1811 1831 respondemus,
1855 1776 1975 1831 quod

349 1845 599 1900 gaudenter
629 1845 821 1900 legimus
854 1848 949 1887 tam
980 1845 1138 1888 literas
1171 1847 1432 1889 serenitatis
1464 1846 1602 1903 regie,
1637 1860 1773 1902 quam
1795 1846 1975 1889 litteras

348 1916 541 1970 predicti
560 1915 750 1959 infantis
771 1916 977 1960 illustris.
1041 1917 1099 1958 Et
1120 1930 1359 1973 speramus
1382 1917 1546 1959 cotidie
1568 1918 1718 1973 ipsum
1742 1917 1975 1960 dominum

348 1986 566 2029 infantem
610 1987 889 2030 felicioribus
932 1987 1182 2043 hauspiciis
1216 2001 1242 2030 a
1273 2001 1380 2044 rege
1425 1987 1562 2030 celico
1606 1988 1843 2031 illustrari.
1917 1989 1976 2030 Et

349 2058 470 2112 quod
502 2057 672 2100 factum
706 2061 774 2101 est
803 2059 857 2100 de
879 2059 1026 2102 tribus
1051 2059 1215 2102 castris
1238 2073 1320 2115 per
1344 2059 1539 2102 iudicem
1561 2060 1766 2102 Arboree
1792 2059 1974 2102 (1010100

347 2127 511 2170 infanti
528 2128 707 2172 traditis
725 2129 950 2173 credimus
973 2131 1218 2172 secundum
1240 2130 1384 2186 ipsius
1405 2130 1576 2173 domini
1591 2130 1780 2173 infantis
1795 2130 1974 2173 litteras

348 2199 460 2241 bene
499 2199 683 2242 factum.
765 2200 1019 2244 Januenses
1067 2204 1218 2242 autem
1267 2201 1510 2244 extrinseci
1548 2200 1767 2255 Gebelini,
1800 2203 1850 2244 ut
1882 2201 1974 2243 iam

347 2270 712 2326 prescripsimus,
734 2271 807 2313 hic
827 2271 967 2313 nichil
988 2270 1192 2314 fecerunt
1215 2274 1258 2314 et
1279 2271 1518 2325 firmiores,
1542 2274 1592 2314 ut
1610 2272 1848 2326 credimus,
1873 2286 1975 2314 cum

347 2340 578 2395 preteritis
606 2341 763 2385 amicis
797 2343 853 2384 ad
884 2342 1072 2398 propria
1103 2345 1410 2396 revertuntur,
1443 2356 1580 2399 quam
1612 2343 1831 2396 venerint,
1866 2343 1974 2399 quia

348 2411 665 2468 palpaverunt,
699 2412 806 2468 quid
839 2412 912 2455 hic
943 2415 1096 2469 potest
1126 2427 1208 2469 per
1238 2413 1364 2470 ipsos
1398 2416 1441 2456 et
1473 2414 1544 2457 sui
1561 2413 1732 2457 similes
1764 2403 1968 2470 reperiri.

351 2482 578 2525 Articulos
621 2486 786 2537 autem,
820 2496 932 2539 quos
966 2485 1188 2526 dederunt
1220 2484 1402 2527 domino
1434 2497 1552 2540 pape
1586 2487 1630 2527 et
1662 2485 1842 2527 domino
1875 2484 1975 2540 regi

348 2551 573 2595 Gebellini
614 2554 666 2596 de
703 2555 867 2608 Janua,
900 2555 1029 2598 vobis
1061 2555 1286 2598 mittimus
1317 2555 1606 2611 presentibus
1638 2554 1971 2610 interclusos.⁵)

347 2623 452 2665 Dat.
485 2624 709 2667 Auinione
741 2626 886 2668 XXII.
921 2625 990 2668 die
1022 2626 1248 2682 presentis
1279 2626 1446 2669 mensis
1479 2626 1704 2670 Octobris.

489 2693 580 2729 CRD
606 2695 709 2731 4138.
760 2696 818 2735 Or,
845 2696 929 2740 Pap.
955 2695 1031 2740 Ssp.
1057 2696 1118 2730 auf
1142 2696 1341 2730 Riickseite.

489 2775 516 2821 ⁴)
543 2776 595 2811 Ob
619 2777 679 2811 das
705 2777 862 2812 stimmt?
900 2778 973 2812 Der
1004 2778 1082 2812 eine
1108 2778 1209 2813 Brief
1238 2779 1285 2813 ist
1309 2778 1515 2813 tatsiichlich
1547 2789 1603 2813 am
1630 2779 1685 2815 12.
1713 2778 1862 2814 October
1893 2788 1971 2812 aus-

346 2834 495 2879 gestellt,
534 2835 596 2869 der
627 2837 755 2870 andere
792 2836 857 2871 mit
887 2837 967 2871 dem
991 2837 1111 2872 Briefe
1143 2848 1212 2871 von
1236 2837 1363 2871 Alions
1401 2848 1457 2871 am
1484 2839 1539 2874 13.
1566 2837 1726 2872 October.
1777 2837 1876 2882 (Reg.
1902 2837 1968 2870 341

347 2894 373 2928 f.
400 2894 518 2938 163v).
569 2893 699 2929 Sollten
724 2895 825 2929 beide
853 2896 944 2930 nach
970 2897 992 2931 6
1017 2896 1102 2930 oder
1127 2897 1148 2931 5
1173 2897 1288 2941 Tagen
1320 2897 1428 2931 schon
1453 2896 1490 2930 in
1516 2896 1677 2941 Avignon
1693 2906 1853 2941 gewesen
1871 2896 1971 2930 sein‘.>

346 2953 418 2987 Das
443 2956 535 2987 ware
561 2953 616 2987 die
642 2953 830 2988 schnellste
856 2954 1380 3000 NachIichteniibermittelung.

488 3012 517 3056 ⁵)
542 3011 613 3047 Das
639 3011 873 3047 Schriftstiick
897 3013 986 3048 habe
1011 3014 1069 3048 ich
1094 3013 1202 3050 nicht.
