2296 3512
523 597 811 683 XVII.
876 596 1053 682 Zur
1117 594 1634 683 Geschichte
1700 596 1855 680 der

436 750 1166 859 aragonesischen
1228 746 1951 858 ffirchenpolitik

384 902 1230 990 (Provinzialkonzilien,
1287 901 1731 987 Inquisition
1780 902 2002 983 usw.).

385 1175 481 1216 520.
517 1172 675 1216 Statut
705 1174 890 1228 Jaymes
912 1173 993 1225 IL,
1027 1173 1145 1214 betr.
1168 1171 1463 1223 Ausrottung
1495 1170 1614 1212 aller
1635 1169 1892 1211 Haretiker
1924 1180 2005 1210 aus

619 1244 779 1286 seinen
811 1243 1038 1285 Liindern.
1100 1242 1358 1284 Bal-celena
1392 1240 1503 1283 1292
1536 1241 1672 1294 April
1705 1240 1773 1281 22.

525 1337 750 1390 Quoniam
791 1337 896 1379 fidei
937 1336 1156 1378 catholice
1195 1335 1470 1377 defendende
1516 1334 1690 1389 pariter
1735 1347 1786 1376 ac
1826 1346 2006 1389 promo-

384 1410 526 1451 vende
559 1411 764 1451 sanctum
798 1407 1033 1463 negocium
1066 1406 1168 1450 illos
1201 1406 1354 1462 potius
1381 1405 1575 1447 viriliter
1607 1406 1734 1447 decet
1762 1417 2004 1456 assumere,

386 1480 548 1535 quibus
591 1493 643 1521 ex
685 1478 833 1521 officio
875 1478 1118 1533 potestatis
1166 1480 1210 1519 et
1243 1476 1478 1532 dignitatis
1510 1476 1730 1518 incumbit
1762 1478 1891 1518 tanta
1923 1475 2007 1517 cir-

386 1550 724 1605 cumspeccione
741 1562 899 1604 regere
918 1552 961 1590 et
979 1548 1232 1603 gubernare
1251 1547 1491 1598 subiectos,
1510 1549 1559 1588 ut
1577 1547 1633 1588 ab
1652 1546 1901 1588 infidelium
1918 1560 2007 1588 non

386 1622 531 1663 solum
566 1620 854 1663 violentiaset
882 1619 1017 1661 etiam
1051 1618 1341 1661 fraudulenta
1373 1621 1695 1660 conserventur
1726 1618 1932 1660 inmunes
1966 1619 2009 1659 et

386 1691 448 1734 sic
496 1694 676 1733 terrena
712 1694 917 1747 potestas
957 1690 1112 1732 celesti
1149 1689 1381 1745 potestati,
1422 1703 1448 1730 a
1489 1702 1575 1744 qua
1608 1702 1705 1731 esse
1744 1688 2007 1740 dinoscitur,

386 1763 546 1804 devote
579 1761 877 1804 subieccionis
911 1761 1175 1815 obsequium
1221 1774 1273 1802 ac
1310 1760 1544 1802 fidelitatis
1583 1760 1783 1802 debitum
1822 1759 2009 1801 reddere

384 1832 578 1874 fideliter
602 1833 938 1888 comprobetur:
962 1833 1055 1874 Nos
1077 1831 1274 1873 Jacobus
1292 1831 1376 1873 Dei
1399 1830 1554 1886 gracia
1577 1844 1656 1872 rex
1674 1831 1942 1885 Aragonum
1966 1832 2009 1871 et

386 1902 538 1946 Sicilie
583 1906 664 1945 etc.
708 1903 915 1945 volumus
958 1906 1001 1944 et
1039 1902 1302 1944 ordinamus
1344 1915 1395 1943 ac
1427 1901 1629 1957 presenti
1661 1903 1833 1943 statuto
1866 1900 2009 1942 invio-

384 1974 513 2016 labili
547 1977 681 2028 atque
714 1976 933 2029 perpetuo
955 1973 1148 2015 firmiter
1175 1972 1445 2024 stabilimus,
1480 1973 1598 2026 quod
1631 1985 1786 2014 omnes
1808 1971 2008 2024 heretici,

386 2045 706 2099 cuiuscumque
739 2048 858 2087 secte
879 2044 1060 2086 nomine
1087 2046 1369 2096 censeantur,
1398 2043 1698 2095 eliminentur,
1727 2043 2011 2099 extirpentur

388 2118 431 2156 et
465 2115 821 2157 exterminentur
853 2115 906 2156 de
940 2114 1113 2157 cunctis
1146 2113 1281 2156 terris
1315 2117 1359 2156 et
1389 2113 1501 2156 locis
1530 2113 1834 2155 dominacioni
1856 2115 2011 2156 nostre

387 2185 645 2237 subiectisl)
681 2219 688 2226 .
725 2219 732 2227 .
769 2219 776 2226 .
812 2186 916 2227 Dat.
949 2184 1231 2227 Bai-chinone
1263 2184 1318 2225 X.
1351 2184 1570 2226 kalendas
1603 2184 1745 2226 Madii
1771 2197 1889 2226 anno
1922 2196 2009 2237 quo

388 2270 529 2311 supra
563 2256 728 2311 [1292]

527 2326 610 2370 Reg.
637 2325 680 2360 92
715 2326 740 2361 f.
768 2326 823 2360 39.
874 2327 946 2359 Ans
984 2325 1148 2359 fr'uherer
1173 2325 1247 2359 Zeit
1283 2325 1368 2369 gebe
1407 2325 1461 2359 ich
1500 2325 1589 2359 noch
1627 2324 1862 2369 beifolgendes
1891 2335 2011 2368 wegen

387 2385 450 2418 der
463 2383 738 2419 Personlichkeit
752 2385 824 2418 und
838 2385 897 2418 des
914 2384 1066 2418 Inlialtes
1081 2384 1291 2417 interesante
1306 2384 1422 2426 Stuck,
1443 2384 1503 2417 das
1516 2390 1619 2418 unter
1633 2384 1687 2417 die
1703 2384 1793 2419 CBD
1807 2384 1828 2418 J
1830 2394 1950 2427 aymes
1965 2383 2011 2419 ΙΙ.

387 2444 529 2487 geraten
554 2443 609 2481 ist,
648 2443 812 2477 wahrend
839 2454 875 2477 es
901 2443 962 2477 der
987 2443 1060 2477 Zeit
1090 2453 1150 2476 um
1179 2442 1409 2477 1259-1263
1436 2443 1613 2487 angeh‘ort,
1652 2443 1687 2476 in
1726 2443 1788 2476 der
1824 2442 1914 2477 auch
1950 2443 2012 2476 der

391 2502 428 2538 R.
454 2502 496 2536 de
522 2502 709 2546 Pompiano
735 2503 828 2535 'efter
853 2502 1065 2535 vorkommt:

532 2561 718 2617 G[uido]
757 2562 842 2603 Dei
880 2561 1034 2617 gracia
1073 2564 1227 2603 sancte
1265 2561 1574 2604 Narbonensis
1616 2561 1799 2604 ecclesie
1839 2561 2011 2603 archie-

390 2633 601 2688 piscopus
635 2632 798 2675 dilecto
831 2631 918 2674 sibi
959 2632 1005 2673 in
1048 2630 1228 2675 Christo
1260 2632 1402 2674 nobili
1446 2632 1543 2674 viro
1584 2633 1634 2674 R.
1678 2633 1731 2674 de
1763 2632 2011 2687 Pompiano

390 2703 559 2745 vicario
591 2702 859 2745 Rossilionis
893 2702 1085 2745 salutem
1117 2702 1163 2744 in
1206 2703 1387 2745 domino
1425 2702 1566 2745 -Jhesu
1606 2701 1801 2745 Christo.
1866 2701 2011 2757 Super

391 2774 495 2827 hiis,
530 2788 615 2829 que
652 2774 783 2816 nobis
825 2773 1076 2816 mandastis
1126 2774 1180 2815 de
1225 2774 1519 2830 occupatione
1560 2775 1781 2816 bonorum
1813 2773 2010 2824 illorum,

393 2844 469 2899 qui
511 2845 709 2900 suspecti
750 2847 856 2887 sunt
898 2845 951 2886 de
992 2844 1139 2886 heresi
1172 2847 1216 2886 et
1249 2845 1385 2887 etiam
1428 2844 1801 2899 c-ondempnandi,
1842 2844 1899 2885 ad
1931 2855 2010 2884 vos

392 2916 512 2970 apud
545 2914 699 2957 Salsas
740 2915 808 2957 vel
848 2914 957 2956 alibi
989 2928 1077 2956 non
1117 2927 1359 2970 possumus
1399 2915 1550 2957 venire
1589 2928 1671 2957 nec
1702 2914 1851 2956 locum
1883 2913 2012 2956 vobis

536 3032 559 3076 1)
585 3031 711 3066 Befehl
738 3042 782 3065 an
806 3031 873 3065 alle
900 3031 1069 3065 Beamten
1095 3032 1149 3065 die
1176 3031 1380 3076 Inquisition
1407 3042 1449 3065 zu
1475 3032 1727 3065 unterstiitzen.
