2296 3512
854 239 1169 279 —821-

207 367 444 409 dominari.
531 367 727 421 Postque
779 365 866 407 sibi
913 365 1283 421 supplicavimus,
1331 370 1380 407 ut
1427 379 1562 421 super
1608 377 1823 406 concessa

207 436 548 493 dispensacione
580 449 661 478 nos
695 435 926 491 expediret
957 449 1037 477 nec
1070 448 1158 477 non
1192 435 1477 478 absolucione
1512 435 1619 477 dicti
1651 433 1822 477 domini

206 506 406 559 infantis,
445 520 530 562 que
572 505 686 547 dixit
724 505 922 547 breviter
954 519 1001 547 se
1034 504 1271 547 facturum.
1334 506 1391 548 Et
1423 520 1504 549 1105
1535 505 1701 548 ibidem
1733 503 1820 546 fre-

207 577 418 634 quencius
459 576 720 632 replicando
752 588 1018 630 moramque
1050 579 1255 618 nostram
1289 577 1562 631 querelando
1595 574 1821 631 snpplica-

206 648 363 700 vimus,
405 661 460 689 ne
500 647 630 689 nobis
671 646 717 688 in
756 646 1083 702 negligenciam
1123 650 1277 701 posset
1309 647 1538 702 imputari,
1573 647 1692 702 quod
1725 645 1821 700 dig-

205 718 430 771 naretura)
465 751 472 758 .
507 752 514 760 .
550 751 557 758 .
592 719 747 773 posset
785 716 1008 772 expedire.
1072 717 1240 758 Verum
1289 716 1395 772 quia
1441 717 1560 758 circa
1606 719 1822 772 punctum

204 803 342 830 unum
375 801 510 843 super
542 787 663 830 dicta
696 787 1037 842 dispensacione
1070 786 1257 828 nimiam
1280 787 1538 829 dubitamus
1563 801 1616 829 ex
1639 786 1821 842 quibus-

206 860 309 902 dam
342 858 509 900 auditis
533 862 577 900 et
599 857 722 910 visis,
746 858 956 900 duximus
981 870 1116 913 super
1138 858 1222 899 1100
1241 857 1597 899 dominacionem
1623 860 1822 899 vestram

207 928 525 972 consulendam
559 962 567 970 .
605 961 612 969 .
649 962 657 970 .
722 927 845 970 Sciat
878 928 995 970 enim
1029 928 1285 971 sublimitas
1309 927 1636 970 dominacionis
1658 929 1822 979 vestre,

207 1001 325 1056 quod
362 1012 444 1041 nos
484 1012 662 1054 semper
693 999 942 1042 institimus
974 1012 1057 1054 pro
1091 999 1280 1054 speciali
1312 998 1612 1040 determinata
1645 997 1822 1052 dispen-

206 1070 385 1113 sacione
418 1083 553 1125 super
578 1069 868 1111 matrimonio
901 1070 1077 1125 preciso
1110 1069 1416 1111 contrahendo
1448 1069 1568 1111 inter
1594 1068 1823 1109 dominum

204 1155 356 1197 regem
388 1140 711 1182 Maioricarum
753 1144 796 1182 et
837 1139 1065 1182 dominam
1106 1139 1396 1183 infantissam
1430 1138 1748 1182 Constanciam
1781 1140 1825 1179 et

205 1225 293 1254 non
326 1225 408 1267 pro
441 1211 642 1267 generali
676 1210 1080 1267 dispensacionel)
1131 1211 1190 1253 Et
1221 1214 1270 1252 ut
1303 1211 1557 1265 generalem
1592 1209 1824 1264 dispensa-

205 1283 378 1324 cionem
432 1282 692 1334 vitaremus,
748 1281 834 1325 sibi
887 1281 1128 1338 specialem
1177 1281 1557 1337 supplicacionem
1605 1278 1824 1331 dedimus,

205 1353 330 1395 cuius
372 1352 611 1409 peticionis
650 1352 843 1395 formam
876 1355 920 1394 et
950 1352 1277 1408 transcriptum
1308 1352 1437 1394 vobis
1469 1351 1692 1393 mittimus
1723 1362 1825 1405 pre-

206 1423 408 1466 sentibus
442 1424 701 1466 interclusa.
764 1424 821 1465 Et
843 1427 995 1465 tamen
1018 1423 1104 1465 hoc
1126 1436 1214 1465 1100
1238 1424 1447 1465 obstante
1470 1421 1677 1464 dominus
1703 1432 1825 1476 papa

205 1508 340 1550 super
386 1494 728 1550 dispensacione
775 1494 979 1549 predicta
1025 1494 1203 1536 litteras
1249 1493 1408 1536 confici
1450 1492 1569 1545 fecit,
1611 1506 1694 1547 (1110
1732 1491 1824 1533 iam

206 1569 310 1609 sunt
342 1569 561 1620 grossate.
617 1566 669 1607 Ιο
703 1565 879 1621 quibus,
912 1568 962 1607 ut
992 1565 1084 1606 iam
1114 1565 1205 1607 vidi
1238 1578 1320 1621 ego
1354 1564 1711 1614 archidiaconus,
1735 1561 1825 1603 dis-

204 1640 366 1692 pensat
398 1636 684 1692 generaliter,
717 1636 783 1678 ita
812 1637 931 1692 quod
960 1637 1177 1678 concedat
1199 1635 1379 1678 domino
1402 1634 1499 1690 regi
1523 1631 1824 1684 Maioricensi,

167 1697 326 1761 'quod
375 1707 521 1762 possit
567 1707 832 1749 contrahere
879 1706 1220 1749 matrimonium
1272 1720 1371 1748 cum
1426 1718 1690 1762 quacunque
1738 1702 1826 1745 sibi

207 1777 424 1820 attinente
456 1777 502 1820 in
533 1777 674 1819 tercio
708 1777 778 1820 vel
803 1781 964 1833 quarto
988 1778 1133 1833 gradu
1160 1776 1564 1831 consanguinitatis
1588 1775 1656 1817 vel
1679 1773 1825 1816 affini-

205 1849 328 1901 tatis,
370 1848 495 1890 nulla
538 1861 753 1904 expressa
792 1848 1019 1891 mentione
1058 1849 1112 1890 de
1145 1849 1327 1890 domina
1360 1846 1633 1890 Constancia
1663 1845 1709 1887 in
1741 1845 1826 1886 hoc

205 1918 340 1960 facta.
402 1920 460 1961 Et
499 1919 545 1961 in
588 1919 677 1961 alia
721 1919 875 1961 littera
912 1920 1046 1961 modo
1086 1919 1309 1961 consimili
1349 1919 1434 1960 hoc
1471 1918 1591 1960 idem
1624 1914 1827 1959 concedit

207 1989 384 2031 domine
423 1988 691 2032 Constancie
731 1990 1001 2046 supradicte.
1068 1991 1176 2032 Post
1209 2003 1399 2045 quarum
1432 1989 1689 2031 litterarum
1722 1999 1825 2028 con-

206 2060 444 2102 fectionem
483 2061 553 2102 die
585 2061 763 2103 veneris
796 2061 1059 2117 supradicta
1091 2074 1173 2103 nos
1206 2060 1325 2103 dicto
1359 2059 1540 2102 domino
1572 2071 1689 2115 pape
1721 2070 1826 2112 sup-

206 2130 489 2186 plicavimus,
522 2135 572 2173 ut
615 2131 743 2174 iuxta
787 2132 1058 2187 peticionem
1102 2145 1184 2188 per
1221 2145 1304 2174 nos
1337 2130 1423 2175 sibi
1456 2130 1658 2172 oblatam
1690 2140 1827 2183 super

207 2201 549 2257 dispensacione
578 2202 783 2257 predicta
815 2203 1081 2258 dignaretur
1114 2202 1390 2258 dispensare,
1422 2201 1561 2244 tacito
1597 2200 1716 2256 quod
1744 2210 1826 2254 ego

207 2272 355 2314 dictus
398 2272 744 2315 archidiaconus
786 2273 999 2316 vidissem
1033 2273 1210 2316 litteras
1249 2273 1548 2329 supradictas.
1612 2270 1701 2323 Qui
1733 2282 1826 2311 res-

206 2342 366 2398 pondit
388 2342 532 2395 nobis,
557 2344 674 2398 quod
698 2342 868 2385 faceret
892 2347 935 2386 et
951 2357 1033 2387 nos
1053 2344 1250 2386 breviter
1268 2344 1388 2386 circa
1406 2344 1493 2386 duo
1510 2342 1735 2399 premissa
1752 2353 1826 2382 ex-

206 2413 393 2469 pediret.
458 2412 602 2468 Super
635 2427 722 2469 qno
755 2414 901 2456 oritur
933 2415 1118 2457 dubium
1151 2418 1357 2458 nostrum
1388 2413 1678 2470 premissum:
1722 2410 1828 2466 quia

209 2483 447 2536 nescimus,
481 2497 538 2525 an
572 2485 787 2526 concedat
818 2485 948 2527 nobis
982 2485 1147 2527 dictam
1173 2485 1561 2541 dispensacionem
1585 2482 1827 2539 specialem

208 2555 289 2596 sub
324 2554 473 2596 forma
505 2568 586 2609 per
618 2567 700 2596 nos
733 2555 819 2597 sibi
852 2555 1077 2610 suplicata
1109 2560 1188 2598 aut
1220 2557 1302 2599 sub
1326 2556 1474 2598 forma
1497 2553 1752 2607 contentab)
1780 2553 1827 2594 in

206 2625 373 2668 litteris
405 2625 532 2680 prius
565 2624 780 2667 confectis
805 2629 848 2668 et
870 2625 993 2668 visis.
1057 2628 1172 2668 Nam
1205 2627 1244 2670 si
1267 2629 1396 2669 daret
1417 2627 1547 2669 nobis
1571 2626 1650 2668 sub
1679 2624 1828 2666 forma

209 2699 420 2737 contenta
452 2695 497 2737 in
531 2695 664 2738 dictis
696 2695 876 2749 litteris,
909 2710 1010 2738 cum
1042 2697 1164 2739 dicta
1189 2697 1338 2739 forma
1360 2698 1420 2740 sit
1442 2700 1600 2739 contra
1621 2699 1826 2738 nostram

209 2766 518 2808 ambaxiatam
561 2769 604 2807 et
648 2769 807 2808 contra
850 2766 1231 2822 supplicacionem
1276 2768 1367 2810 iam
1412 2767 1609 2810 oblatam
1651 2780 1731 2808 nec
1762 2766 1828 2806 ita

348 2850 377 2891 a)
402 2847 495 2881 Loch
522 2847 583 2880 fiir
607 2847 681 2880 drei
708 2846 859 2881 Wbrter.
905 2848 934 2891 b)
960 2850 1182 2883 contententa
1207 2849 1265 2884 Or.

352 2953 377 2993 ¹)
404 2953 450 2987 Es
475 2952 617 2987 handelt
642 2952 716 2987 sich
750 2964 808 2986 um
834 2953 888 2986 die
914 2952 1115 2998 Verlobung
1146 2954 1207 2988 der
1231 2954 1379 2989 Tochter
1409 2955 1468 2988 des
1494 2954 1657 2987 Infantem
1682 2952 1827 2987 Alfonso

209 3011 273 3045 mit
299 3012 379 3045 dem
405 3022 520 3046 neuen
546 3011 679 3055 Konige
705 3022 772 3045 von
797 3010 971 3047 Malloroa.
1021 3011 1127 3046 Beide
1153 3023 1269 3047 waren
1295 3013 1384 3047 noch
1410 3013 1553 3048 Kinder.
