2296 3512
1047 261 1089 265 -—
1160 238 1241 277 8445
1306 261 1359 264 —

393 368 436 407 et
467 379 548 421 per
593 365 830 407 concilium
863 364 1033 406 faceret
1066 364 1315 420 supplicari
1346 364 1590 419 magestati
1622 364 1759 420 regie,
1807 365 1925 419 quod
1960 378 2015 406 ea

392 435 692 491 dignaremini
735 436 882 477 tacere
924 435 1166 477 emendari.
1228 435 1286 476 Et
1324 449 1461 490 super
1492 434 1579 477 hiis
1612 435 1757 478 dictus
1802 434 2010 477 dominus

393 506 759 561 archiepiscopus
805 508 848 547 et
886 508 1031 547 totum
1065 505 1303 548 concilium
1337 506 1535 548 scribent
1567 505 1709 548 vobis.
1772 504 1936 546 Valeat
1968 507 2013 546 et

390 577 543 631 vigeat
574 576 781 631 preclara
822 579 1052 631 magestas
1089 577 1216 631 regia
1247 589 1329 631 per
1372 580 1579 631 tempora
1622 575 1842 631 longiora.
1906 575 2012 617 Dat.

391 648 641 689 Terracone
672 648 725 688 X.
761 647 977 688 kalendas
1010 647 1184 689 Moroii.

533 716 621 751 CRD
652 716 781 752 10741.
832 721 889 750 Or.
915 716 998 760 Pap.
1026 717 1100 760 Ssp.
1147 716 1452 751 Vl'ahrscheinlich
1477 717 1603 750 nimmt
1628 727 1666 750 er
1690 717 1777 751 doch
1805 716 1924 760 Bezug
1948 716 2010 749 aut

392 775 451 809 das
477 775 671 819 konigliche
697 775 889 810 Schreiben
914 775 949 808 in
975 776 1036 809 der
1061 778 1162 810 Anni.
1190 787 1269 809 zum
1296 776 1412 809 Briefe
1439 786 1519 809 vom
1545 775 1599 812 30.
1626 776 1757 809 Januar
1786 775 1884 810 1305.

392 896 490 935 526.
523 895 684 950 Jayme
716 895 782 936 II.
816 907 874 936 an
905 894 1183 937 Erzbischof
1210 894 1466 937 Rodericus
1499 907 1587 937 von
1618 894 1888 947 'Pari-agona
1919 893 2013 935 und

391 965 838 1007 Provinzialkonzil:
883 966 1017 1007 Dank
1058 966 1144 1007 fi'u·
1175 966 1254 1007 ihr
1287 964 1560 1018 Schreiben‚
1604 965 1793 1007 wonach
1825 965 1893 1007 sie
1926 964 2014 1006 (1611

392 1036 678 1078 Missbrauch
712 1035 796 1078 der
818 1036 1209 1079 Konstitutionen
1236 1035 1315 1077 (les
1338 1035 1530 1077 Konzils
1552 1035 1789 1077 besti-afer]
1814 1035 2012 1077 werden.

852 1106 1101 1162 Calatayud
1135 1105 1326 1161 (1304)5
1360 1107 1481 1147 Marz
1517 1106 1556 1147 1.

534 1189 863 1244 Rescriptivani
899 1189 1100 1230 litteram
1133 1191 1333 1230 vestram
1368 1189 1425 1229 ad
1456 1187 1606 1230 littere
1634 1191 1788 1230 nostre
1810 1190 2013 1230 tenorem

393 1259 521 1302 vobis
563 1260 671 1302 olim
714 1260 881 1301 directe
923 1294 929 1300 .
968 1293 975 1300 .
1012 1294 1018 1300 .
1060 1259 1195 1302 solita
1236 1259 1515 1313 benignitate
1554 1258 1806 1314 recepimus
1840 1293 1847 1299 .
1884 1292 1891 1299 .
1927 1292 1935 1300 .
1971 1261 2014 1300 et

395 1330 560 1385 quippe
613 1330 803 1372 multum
857 1330 1053 1372 occurrit
1105 1329 1274 1371 nostris
1328 1329 1561 1371 affectibus
1617 1329 1849 1384 placitum,
1908 1329 2015 1384 quia

396 1404 569 1443 vestros
612 1403 923 1456 cognoscimus
970 1401 1145 1442 animos
1178 1399 1456 1442 ferventibus
1491 1399 1800 1442 voluntatibus
1834 1400 2014 1441 ordina-

394 1475 464 1514 tos
499 1473 555 1513 ad
588 1472 763 1526 agenda
796 1485 861 1522 ea,
896 1485 981 1526 que
1014 1471 1164 1513 divino
1198 1471 1409 1526 placeant
1440 1470 1683 1522 maiestati,
1719 1484 1804 1525 que
1827 1471 2015 1512 dominii

393 1542 538 1585 nostri
585 1542 933 1597 prosperitatem
983 1541 1231 1596 respiciant
1280 1544 1322 1583 et
1371 1555 1454 1596 que
1502 1541 1696 1584 salutem
1743 1541 2014 1596 populorum

393 1613 522 1655 vobis
564 1613 863 1668 spiritualiter
901 1612 1252 1666 subiectoruma)
1285 1612 1515 1664 inducant,
1550 1616 1592 1654 et
1626 1613 1745 1667 quod
1779 1613 2015 1654 abutentes

395 1683 793 1726 constitutionibus
832 1683 1211 1726 Terrachonensis
1251 1682 1436 1725 ecclesie
1478 1684 1533 1725 ad
1566 1682 1849 1725 rectitudinis
1882 1683 2016 1725 semi-

394 1758 487 1796 tam
531 1754 802 1796 convertetis
837 1788 844 1795 .
880 1789 885 1794 .
922 1755 978 1808 .1)
1026 1754 1127 1796 Dat.
1163 1753 1451 1809 Galatayubii
1484 1754 1688 1795 kalendis
1723 1754 1864 1795 Marci
1898 1767 2017 1795 anno

395 1825 564 1868 domini
595 1823 756 1867 MCCC
789 1828 964 1879 quarto.

535 1895 619 1939 Reg.
645 1895 713 1929 235
741 1896 766 1929 f.
794 1895 875 1928 9111
925 1895 1049 1929 Leider
1074 1894 1164 1928 fehlt
1189 1895 1243 1928 die
1273 1895 1476 1938 rescriptiva
1501 1893 1625 1928 littera.

396 2005 492 2045 527.
527 2003 687 2057 Jayme
708 2003 774 2044 Π.
807 2015 864 2044 an
887 2002 1085 2045 Bischof
1103 2003 1272 2044 Petrus
1295 2013 1382 2044 von
1404 2002 1621 2043 Tortosa:
1644 2001 2017 2055 Auffordemng,

396 2085 543 2127 gegen
565 2074 594 2116 J
597 2074 800 2115 ohannes
824 2073 879 2114 de
906 2073 1048 2115 Podio
1075 2074 1448 2115 einzuschreiten
1457 2086 1468 2123 3
1503 2072 1586 2114 der
1610 2072 1858 2126 70jiihrige
1881 2074 2016 2115 Manu

395 2145 459 2186 ist
492 2144 716 2197 Fatalist,
759 2144 923 2197 glaubt
963 2144 1095 2186 nicht
1136 2157 1192 2185 an
1227 2143 1302 2185 die
1338 2143 1707 2196 Auferstehung,
1750 2143 1831 2185 hat
1858 2143 2014 2197 jahre-

395 2215 507 2268 lang
538 2216 670 2256 nicht
701 2215 981 2267 gebeichtet,
1014 2213 1164 2256 totete
1197 2214 1306 2256 zwei
1339 2215 1582 2256 Λ116115611611
1614 2214 1707 2255 und
1731 2214 2015 2256 vei-anlasste

514 2285 771 2327 Aufstiinde
804 2285 853 2326 in
885 2285 1096 2327 Tortosa.
1160 2284 1409 2340 Calatayud
1446 2285 1555 2326 1307
1591 2284 1790 2327 October
1821 2285 1890 2327 31.

536 2367 734 2408 ‚Iacobus
769 2370 822 2408 et.
859 2366 1104 2408 venerabili
1135 2366 1181 2408 in
1205 2365 1385 2409 Christo
1418 2367 1539 2422 patri
1571 2367 1705 2409 Petro
1739 2366 1891 2408 divina
1912 2380 2016 2421 pro-

396 2438 602 2480 videncia
626 2437 890 2479 Dertusensi
923 2437 1133 2492 episcopo
1168 2441 1248 2479 etc.
1282 2437 1509 2480 Noveritis
1543 2437 1672 2480 nobis
1704 2440 2015 2492 presentatam

399 2512 442 2551 et
474 2509 674 2551 oblatam
697 2508 836 2550 fuisse
861 2509 1087 2563 quandam
1111 2508 1327 2561 sedulam,
1363 2522 1512 2563 quam,
1545 2509 1672 2563 prius
1696 2521 1747 2550 ea
1769 2508 2017 2563 registrata

397 2581 442 2622 in
475 2579 683 2635 registris
720 2579 953 2631 nostrisa),
999 2579 1123 2621 vobis
1156 2579 1358 2622 mitimus
1391 2579 1676 2634 presentibus
1708 2578 2014 2631 interclusam,

397 2651 443 2692 in
463 2664 551 2705 qua
578 2651 770 2705 quedam
795 2649 1051 2704 conscripta
1072 2649 1290 2702 videmus,
1325 2664 1423 2705 que,
1447 2650 1488 2692 si
1509 2650 1747 2691 veritatem
1771 2650 2014 2701 continent,

397 2721 649 2763 Johannem
683 2721 736 2762 de
768 2720 907 2762 Podio
942 2721 994 2761 de
1027 2721 1212 2762 crimine
1250 2721 1421 2763 heresis
1464 2721 1703 2775 denigrant
1751 2720 1924 2775 pariter
1973 2721 2016 2761 et

468 2791 521 2817 526
539 2792 569 2830 a)
592 2790 691 2834 Folgt
705 2791 833 2824 wieder
859 2789 1015 2824 salutem.
1032 2811 1075 2815 —
1089 2790 1141 2817 527
1161 2798 1189 2833 a)
1216 2791 1258 2825 So
1273 2791 1335 2824 der
1349 2791 1441 2825 stark
1459 2791 1634 2834 gekurzte,
1661 2790 1743 2824 aber
1761 2788 2016 2824 verstandliche

398 2850 590 2883 Ausdruck.

469 2955 566 2992 5261)
593 2955 640 2988 Er
676 2955 768 2988 halte
799 2955 848 2989 sie
887 2955 946 2988 tur
983 2955 1083 2998 kluge
1122 2956 1191 2988 und
1219 2955 1425 2999 vorsichtige
1451 2955 1612 2989 Manner:
1653 2954 1736 2988 aber
1761 2964 1799 2988 er
1835 2955 1952 2986 miisse
1978 2963 2019 2987 so

399 3013 581 3048 schreiben
606 3025 727 3058 wegen
755 3016 815 3048 des
841 3014 979 3048 starken
1005 3014 1259 3048 Missbrauches
1286 3015 1346 3047 der
1372 3014 1662 3047 Konstitutionen.
