2296 3512
830 250 1148 290 -867-

177 394 389 438 sponsam
425 392 566 422 suam.
629 377 829 420 Intendit
860 376 1065 433 prefatus
1099 376 1308 419 dominus
1341 377 1502 418 ducere
1540 389 1612 418 me
1645 388 1796 418 secum

174 453 220 494 in
252 450 571 502 frontrariam,
605 448 855 505 promitens
887 461 959 490 me
991 447 1167 499 iuvare;
1212 447 1382 500 nescio,
1425 447 1526 502 quis
1559 446 1645 489 erit
1676 446 1796 500 finis,

177 522 282 578 quia
303 520 545 576 disposicio
572 519 730 576 previa
761 519 954 561 multum
986 518 1248 560 inordinata
1280 520 1348 560 est
1374 521 1469 560 tam
1497 517 1799 574 spiritualiter

177 606 313 649 quam
344 590 671 646 temporaliter.
736 588 960 645 Quicquid
994 591 1145 631 autem
1177 588 1275 630 fieri
1307 589 1507 642 habebit,
1539 593 1689 632 vestre
1721 590 1800 631 do-

175 661 418 706 minacioni
441 660 596 704 statim
620 660 899 716 significabo.
933 659 1156 702 Dominus
1173 659 1201 701 J
1205 659 1404 702 ohannes
1428 662 1472 702 et
1494 673 1576 715 ego
1599 660 1801 703 maxima

178 733 382 777 amicicia
413 731 688 784 federamur,
734 730 800 774 sic
832 731 952 787 qnod
983 743 1213 786 nunquam
1257 733 1387 772 tanta
1419 730 1516 773 fuit.
1581 730 1722 787 Spero
1754 731 1800 773 in

178 804 373 856 dominc,
397 803 517 859 quod
540 802 883 845 conservabitur
907 835 915 843 .
942 835 950 842 .
975 835 984 843 .
1007 800 1206 844 Domina
1226 800 1469 843 infantissa
1487 799 1798 857 Cons[tancia]

178 875 273 919 sine
305 874 456 927 dubio,
499 873 691 926 domine,
736 872 989 929 periculose
1021 874 1126 914 stat.
1191 870 1310 924 Quia
1342 885 1442 913 cum
1474 886 1618 927 nuper
1649 886 1731 928 per
1761 872 1802 914 V

178 945 453 988 ebdomadas
476 944 705 987 stetissem
727 957 827 986 cum
852 943 930 996 eis,
955 945 999 985 et
1029 945 1191 998 postea
1211 942 1371 984 vellem
1396 943 1605 984 recedere
1637 957 1802 999 urgen-

178 1016 298 1059 tibus
324 1014 523 1070 negociis
557 1019 600 1057 et
626 1014 743 1067 aliis,
777 1027 862 1070 que
883 1013 1163 1066 incumbunt,
1196 1026 1297 1054 cum
1323 1012 1525 1054 maxima
1551 1013 1800 1056 dificultate

178 1085 336 1129 habuit
375 1085 486 1127 fieri.
550 1085 857 1137 Postmodum,
905 1087 956 1126 ut
994 1098 1076 1140 per
1107 1083 1264 1126 literas
1298 1083 1471 1125 domini
1500 1083 1725 1127 Johannis
1760 1087 1804 1127 et

179 1157 383 1212 medicia)
417 1190 426 1198 .
462 1189 471 1198 .
508 1189 516 1198 .
550 1155 701 1209 habui,
734 1156 812 1198 flet
844 1155 1118 1211 frequenter,
1158 1157 1202 1197 et
1235 1155 1354 1210 quod
1385 1154 1514 1210 peius
1548 1158 1629 1208 est,
1662 1155 1801 1198 nichil

178 1226 443 1270 medicinale
465 1227 562 1269 vult
583 1226 784 1283 recipere
814 1240 896 1269 nec
918 1225 1056 1268 etiam
1087 1225 1251 1279 cibum,
1284 1224 1372 1268 nisi
1393 1224 1440 1267 in
1462 1224 1594 1267 valde
1626 1225 1807 1268 modica

181 1298 448 1354 quantitate,
463 1300 620 1354 petens
637 1310 720 1353 pro
738 1311 810 1339 me
828 1300 872 1339 et
889 1297 1010 1353 quod
1026 1297 1296 1339 mandamus
1314 1296 1591 1338 Valenciam.
1611 1297 1804 1339 Multum

180 1369 336 1412 dubito
379 1370 431 1411 de
475 1382 528 1410 ea
569 1368 639 1410 vel
671 1368 725 1410 de
757 1371 903 1410 morte
934 1367 1006 1409 vel
1038 1368 1093 1409 de
1125 1367 1301 1409 diutina
1331 1366 1588 1410 intellectus
1619 1367 1802 1411 lesione.

179 1439 349 1482 Verum
370 1439 562 1482 multum
586 1439 793 1482 ordinate
811 1441 854 1481 et
872 1438 1119 1493 prudenter
1134 1438 1350 1494 loquitur.
1397 1438 1456 1481 Et
1472 1452 1590 1492 vere,
1610 1438 1804 1492 domine,

182 1510 354 1553 debetis
387 1509 565 1552 anxiari
595 1523 677 1565 pro
710 1509 793 1552 tali
824 1509 932 1562 filia,
967 1508 1075 1565 quia
1105 1509 1218 1551 bene
1241 1508 1339 1551 dico
1362 1509 1505 1562 vobis,
1538 1510 1661 1564 quod
1683 1509 1803 1552 inter

180 1580 299 1624 filias
345 1584 548 1634 vestras,
597 1594 709 1637 quas
757 1580 1096 1636 cognoscimus,
1152 1580 1310 1622 florem
1361 1580 1580 1623 bonitatis
1638 1582 1803 1635 portat.

181 1651 366 1694 Utinam
399 1651 731 1707 cognosceretis
764 1665 886 1704 eam,
930 1651 1049 1694 sicut
1081 1664 1163 1706 ego
1197 1651 1443 1707 cognosco!
1507 1651 1566 1693 Et
1598 1652 1733 1704 bene,
1766 1651 1806 1695 si

182 1722 396 1765 videretis
443 1736 557 1776 eam,
610 1722 893 1766 distraeretis
942 1722 1002 1777 (Ρ)
1051 1722 1197 1765 solum
1242 1736 1296 1764 ex
1338 1724 1536 1777 aspectu.
1620 1722 1806 1765 Placeat

182 1793 338 1848 itaque
383 1796 533 1837 vestre
580 1792 884 1836 dominacioni
930 1792 1051 1835 eirca
1097 1793 1179 1835 hec
1226 1792 1427 1848 cogitare
1465 1795 1509 1834 et
1540 1793 1805 1846 rescribere,

187 1863 293 1920 quid
335 1864 464 1907 vobis
507 1867 550 1906 et
589 1864 775 1907 medicis
807 1863 972 1907 vestris
1008 1864 1236 1906 videretur
1269 1865 1518 1919 agendum:
1569 1863 1675 1920 quia
1707 1877 1809 1906 cum

186 1936 286 1990 ipsa
322 1935 460 1977 nichil
508 1935 775 1978 medicinale
807 1934 917 1977 velit
947 1934 1161 1989 recipere,
1193 1935 1292 1978 sola
1323 1934 1548 1977 medicina
1579 1934 1813 1977 videretur

187 2018 434 2062 procurare
477 2005 563 2048 sibi
607 2006 824 2062 gaudium
868 2006 1201 2062 quoquomodo.
1276 2005 1535 2048 Discretum
1567 2006 1618 2048 R.
1643 2005 1810 2061 Grosb)

187 2078 487 2119 mercatorem
508 2076 700 2119 latorem
723 2076 1022 2133 presencium,
1056 2076 1133 2132 qui
1159 2076 1296 2119 michi
1328 2076 1528 2129 servivit,
1561 2076 1810 2132 plurimum

188 2150 337 2189 vestre
402 2147 703 2190 dominacioni
779 2147 928 2191 carius
998 2148 1279 2190 recomendO.
1386 2146 1566 2202 Scripta
1623 2147 1812 2202 propria

188 2231 325 2260 manu
357 2217 514 2260 Alcale
546 2218 617 2260 die
647 2218 751 2260 lune
798 2222 903 2274 post
946 2218 1113 2261 festum
1146 2216 1363 2273 Corporis
1395 2216 1578 2261 Christi.
1643 2217 1811 2261 Sciatis

189 2288 398 2343 insuper,
458 2288 689 2331 dominum
741 2302 893 2345 regem
946 2289 1141 2331 multum
1189 2288 1368 2331 turbari
1418 2290 1472 2331 de
1519 2289 1810 2332 matrimonio

192 2359 362 2402 domini
403 2359 625 2403 Johannis
670 2361 723 2402 de
765 2359 962 2416 Viscaya
1008 2363 1052 2402 et
1082 2360 1231 2415 neptis
1257 2363 1408 2403 vestre
1441 2394 1450 2402 .
1476 2393 1518 2402 ..
1552 2360 1814 2416 Archiepis-

193 2443 330 2485 copus
362 2430 604 2473 Toletanus
636 2430 820 2473 humilis
853 2431 949 2474 eius
980 2434 1130 2474 natus.

193 2573 291 2613 546.
325 2571 489 2614 Infant
518 2571 715 2615 Alfonso
747 2584 805 2614 an
837 2573 972 2615 einen
1004 2572 1417 2627 Rechtskundigen
1448 2574 1499 2615 in
1524 2574 1815 2627 Tarragona:

193 2642 344 2696 Klage
376 2642 503 2684 eines
536 2640 835 2694 Sarracenen,
869 2642 973 2685 dass
994 2643 1097 2686 Don
1119 2644 1279 2686 Bueno
1304 2643 1399 2686 und
1421 2645 1550 2686 seine
1571 2645 1695 2687 Fran
1716 2644 1816 2685 ihm

194 2713 270 2755 die
290 2712 514 2755 Farberei
545 2712 801 2762 verhexem
836 2713 927 2755 soll
958 2714 1275 2756 untersuchen
1307 2714 1401 2756 und
1433 2714 1510 2757 die
1531 2714 1685 2757 Akten
1715 2714 1816 2756 ihm

195 2783 382 2837 senden,
415 2783 472 2825 da
503 2784 603 2825 sein
624 2783 717 2825 Rat
747 2783 1049 2826 entscheiden
1074 2784 1179 2827 soll.
1242 2783 1495 2838 Saragossa
1518 2784 1630 2827 1325
1654 2784 1752 2827 Oct.
1774 2784 1816 2827 6.

336 2877 493 2920 Infans
540 2876 757 2920 Alfonsus
800 2877 1101 2920 illustrissimi
1157 2879 1328 2920 domini
1376 2878 1498 2934 regis
1551 2879 1815 2933 Aragonum

196 2948 527 3004 primogenitus
575 2947 759 3003 eiusque
807 2947 1032 3003 generalis
1070 2952 1342 3004 procurator
1380 2962 1433 2991 ac
1463 2961 1613 2992 comes
1645 2947 1817 3004 Urgelli

268 3028 321 3056 545
339 3030 369 3074 a)
393 3029 460 3064 Ein
485 3029 590 3064 Wort
613 3028 713 3064 fehlt.
782 3029 812 3074 b)
838 3028 930 3063 oder
955 3029 1064 3065 Grosi.

1608 3100 1677 3134 55*
