2296 3512
1024 271 1338 311 —652—

374 399 535 454 namC).
617 399 685 440 Ex
732 398 967 453 proposito
1018 397 1284 451 ordinatisd)
1446 398 1711 440 invaserunt
1755 397 1878 452 ipsos
1921 397 1991 439 die

373 469 629 523 merem-110)
665 469 784 510 circa
816 471 966 510 ortum
998 468 1119 512 solis.
1175 467 1251 511 Set
1273 472 1458 523 propter
1481 469 1714 511 clausuras
1739 471 1782 510 et
1807 467 1990 520 fossata,

375 540 540 595 quibus
586 553 632 581 se
666 538 993 593 [val]laverant,
1040 539 1145 581 licet
1189 540 1430 594 deplanata
1463 538 1654 582 fuissent
1685 552 1765 592 per
1794 542 1990 590 nostros,

372 623 462 652 non
503 612 746 664 potuerunt
788 610 844 651 ad
885 623 1092 664 campum
1124 610 1379 666 ingressum
1410 610 1589 652 habere.
1653 610 1852 651 Tandem
1886 622 1991 651 vero

373 683 502 722 nocte
534 680 772 734 preterita,
807 680 1140 735 aliquantulum
1172 681 1294 722 ultra
1325 681 1520 722 mediam
1553 684 1743 732 noctem,
1779 694 1878 722 cum
1909 679 1989 732 1111,

374 750 450 806 qui
490 763 571 806 pro
616 755 746 805 parte
779 754 936 793 nostra
967 751 1194 793 faciebant
1236 752 1466 803 excubias,
1508 751 1837 805 presensissent
1868 751 1991 804 ipsos

372 820 592 876 fatigatos
623 827 810 876 propter
844 822 1067 876 [labores],
1102 836 1213 877 quos
1248 822 1403 864 diebus
1426 822 1656 876 preteritis
1683 822 1992 865 sustinuerant

374 895 417 933 et
448 892 567 933 inter
599 905 645 934 se
672 893 895 945 turbatos,
938 893 1022 934 hoc
1054 892 1424 947 significaverunt
1458 892 1558 935 aliis
1590 892 1772 934 nostris.
1836 893 1893 933 Et
1924 891 1991 933 in-

373 963 621 1004 continenti
654 963 942 1018 congregatis
970 964 1241 1006 exercitibus
1265 963 1605 1004 debellaverunt
1638 966 1682 1004 et
1705 963 1888 1005 tandem
1910 976 1991 1016 per

371 1034 621 1088 potentiam
653 1034 939 1076 intraverunt
972 1048 1180 1089 campum
1211 1034 1415 1088 ipsorum
1445 1038 1487 1075 et
1512 1033 1763 1075 interfectis
1784 1032 1991 1087 pluribus

373 1105 426 1146 de
466 1104 660 1147 inimicis
694 1118 853 1159 campo
896 1118 996 1146 cum
1038 1105 1245 1147 omnibus
1287 1106 1444 1156 rebus,
1488 1117 1601 1159 quas
1643 1103 1706 1145 ibi
1743 1103 1990 1155 habebant,

373 1188 472 1216 cum
516 1175 679 1217 maiori
716 1178 845 1230 parte
883 1176 1054 1230 navigii
1087 1175 1157 1217 sui
1188 1188 1268 1229 per
1301 1178 1481 1217 nostros
1513 1174 1755 1217 victoriose
1788 1173 1990 1230 quesitis,

375 1246 511 1287 ceteri
543 1246 757 1301 fugerunt
791 1249 833 1288 et
866 1260 912 1289 se
938 1246 1219 1288 recluserunt
1249 1246 1294 1287 in
1329 1248 1491 1287 castro,
1567 1245 1809 1299 Turrisque
1841 1245 1991 1298 pontis

372 1318 416 1358 et
447 1329 528 1370 per
561 1330 657 1359 eam
692 1317 838 1358 media
870 1330 976 1370 pars
998 1317 1141 1371 ipsius
1163 1317 1314 1370 pontis
1339 1322 1467 1370 capte
1490 1329 1571 1370 per
1591 1319 1772 1358 nostros
1795 1316 1990 1367 fuerunt,

372 1387 552 1429 domino
595 1387 800 1429 faciente.
863 1387 971 1429 Post
1003 1388 1096 1439 hec,
1138 1390 1270 1441 pater
1302 1387 1608 1439 sanctissime,
1651 1388 1755 1428 dum
1790 1399 1913 1428 eram
1945 1385 1991 1427 in

370 1458 488 1499 turri
520 1458 685 1512 palacii
715 1458 861 1500 nostri
883 1458 1161 1512 inspiciendo
1189 1459 1392 1512 ipsorum
1415 1458 1666 1509 victoriam,
1700 1457 1786 1499 fuit
1810 1460 1991 1511 captum

369 1541 450 1582 per
493 1531 673 1571 nostros
719 1532 917 1571 castrum
949 1529 1166 1570 Thedaldi
1206 1532 1249 1571 et
1292 1530 1463 1584 burgus
1498 1532 1541 1570 et
1574 1528 1638 1571 sic
1669 1528 1821 1570 omnia
1854 1527 1990 1569 habe-

370 1599 441 1641 tis.
499 1598 795 1641 Sanctitatem
838 1602 1037 1641 vestram
1081 1603 1315 1642 conservet
1362 1599 1612 1642 altissimus
1763 1598 1989 1653 longiora!

370 1670 472 1711 Dat.
497 1670 530 1710 F
534 1670 703 1711 errarie
733 1670 802 1711 die
834 1670 1043 1712 XXVIII.
1068 1670 1235 1713 mensis
1268 1670 1477 1725 Augusti.

511 1763 600 1798 CRD
627 1765 691 1807 Ap.
720 1763 774 1798 18.

369 1956 465 1994 411.
500 1953 859 2005 Kal-dinallegat
890 1953 1066 1995 Arnald
1098 1966 1156 1995 an
1189 1952 1398 1996 Clemens
1431 1953 1504 1995 V.:
1547 1952 1735 1995 Kastell
1767 1951 1986 2004 Tedaldo,

368 2023 566 2077 Briicke,
599 2024 727 2077 Burg
758 2024 851 2065 und
883 2036 1026 2078 ganze
1048 2025 1206 2066 Flotte
1228 2024 1311 2066 (101·
1332 2024 1614 2066 Venetianer
1645 2024 1710 2065 ist
1734 2025 1784 2064 in
1811 2024 1986 2065 seinem

368 2094 567 2136 Besitze.
629 2094 715 2136 Die
748 2106 890 2148 ganze
922 2096 1186 2149 Besatzung
1218 2096 1282 2137 ist
1312 2095 1437 2137 trotz
1469 2096 1621 2137 seines
1643 2093 1879 2146 Befehles‚
1913 2093 1988 2136 (lie

369 2165 469 2207 sich
491 2165 793 2217 Ergebenden
819 2178 874 2207 zu
901 2166 1117 2219 8011011011,
1149 2165 1544 2219 niedergemacht.
1606 2165 1808 2206 Feri-ara
1831 2163 1985 2218 (1309)

1035 2236 1218 2289 August
1248 2236 1320 2278 28.

513 2327 807 2372 Sanctissimo
840 2330 963 2385 patri
997 2364 1004 2371 .
1041 2364 1047 2371 .
1085 2364 1091 2371 .
1129 2329 1350 2373 Clementi
1384 2364 1391 2371 .
1428 2363 1435 2370 .
1472 2364 1479 2371 .
1513 2329 1744 2372 Arnaldus
1891 2341 1987 2370 car-

370 2398 533 2441 dinalis
568 2433 574 2439 .
612 2434 618 2440 .
656 2435 662 2441 .
700 2401 947 2443 beatorum.
1017 2402 1069 2443 In
1114 2414 1303 2453 summa,
1348 2403 1480 2456 pater
1525 2399 1824 2452 sanctissime,
1870 2399 1986 2442 sicut

368 2469 501 2511 hodie
542 2470 669 2512 vobis
712 2471 875 2526 scripsi
916 2485 997 2527 per
1028 2472 1285 2525 Peratumss)
1321 2484 1550 2513 cursorem
1581 2484 1745 2522 meum,
1787 2474 1986 2512 castrum

369 2540 597 2592 Thedaldi‚
645 2544 842 2596 pontem,
891 2542 1085 2597 burgum
1133 2546 1176 2583 et
1227 2544 1372 2584 totum
1425 2541 1657 2596 navigium
1709 2541 1986 2583 Venetorum

369 2611 600 2653 habemus.
678 2613 735 2653 Et
779 2624 948 2664 omnes,
994 2612 1070 2667 qui
1114 2612 1280 2653 ibidem
1326 2616 1456 2654 erant
1499 2625 1553 2653 ex
1596 2615 1726 2667 parte
1767 2611 1984 2666 ipsorum,

368 2680 550 2723 fuerunt
582 2682 732 2736 gladio
764 2683 1002 2725 interfecti.
1066 2683 1191 2724 Licet
1232 2683 1350 2724 enim
1388 2683 1690 2736 mandassem,
1723 2683 1843 2737 quod
1874 2681 1986 2723 reci-

368 2754 583 2807 perentur
608 2753 962 2796 misericorditer
983 2753 1342 2796 misericordiam
1364 2753 1662 2809 postulantes,
1686 2766 1775 2795 non
1799 2751 1982 2807 profuit.

368 2823 462 2864 Nec
484 2821 617 2864 aliter
638 2823 786 2865 facere
808 2824 949 2879 potui,
973 2825 1092 2879 quod
1114 2825 1275 2867 modus
1295 2826 1338 2866 et
1351 2824 1548 2880 impetus
1562 2823 1719 2879 populi
1734 2823 1981 2866 sedaretur.

369 2892 533 2935 Valeat
576 2894 794 2936 sanctitas
840 2897 992 2936 vestra
1037 2897 1080 2936 et
1117 2894 1164 2937 111
1196 2894 1316 2936 felici
1349 2898 1472 2936 statu
1506 2897 1549 2936 et
1581 2905 1799 2950 prospero
1833 2905 1983 2948 perse-

438 2985 491 3012 410
510 2986 539 3030 c)
564 2985 662 3030 Folgt
688 2986 779 3020 leere
805 2986 926 3030 Stelle3
959 2987 1134 3021 entweder
1165 2986 1392 3031 abgeblattert
1421 2987 1504 3021 oder
1528 2986 1667 3021 radiert.
1735 2986 1765 3029 d)
1790 2986 1856 3020 Ein
1880 2985 1984 3019 W'ort

367 3044 467 3079 fehlt.
524 3046 554 3087 e)
577 3045 728 3078 mercuri
754 3045 874 3089 Kopie.
902 3066 946 3070 —
971 3045 1022 3072 411
1042 3047 1075 3090 a)
1101 3045 1145 3080 So
1169 3046 1255 3081 hier.
