<?xml version="1.0" encoding="UTF-8"?>
<!DOCTYPE html PUBLIC "-//W3C//DTD XHTML 1.0 Transitional//EN"
    "http://www.w3.org/TR/xhtml1/DTD/xhtml1-transitional.dtd">
<html xmlns="http://www.w3.org/1999/xhtml" xml:lang="en" lang="en">
 <head>
  <title>
</title>
<meta http-equiv="Content-Type" content="text/html;charset=utf-8" />
  <meta name='ocr-system' content='tesseract 3.04.00' />
  <meta name='ocr-capabilities' content='ocr_page ocr_carea ocr_par ocr_line ocrx_word'/>
</head>
<body>
  <div class='ocr_page' id='page_1' title='image "./actaaragonensiaq02finkuoft_0110.png"; bbox 0 0 2296 3512; ppageno 0'>
   <div class='ocr_carea' id='block_1_1' title="bbox 1109 178 1426 217">
    <p class='ocr_par' dir='ltr' id='par_1_1' title="bbox 1109 178 1426 217">
     <span class='ocr_line' id='line_1_1' title="bbox 1109 178 1426 217; baseline -0.003 0"><span class='ocrx_word' id='word_1_1' title='bbox 1109 178 1426 217; x_wconf 83' lang='lat'>—614—</span> 
     </span>
    </p>
   </div>
   <div class='ocr_carea' id='block_1_2' title="bbox 455 304 2085 2319">
    <p class='ocr_par' dir='ltr' id='par_1_2' title="bbox 455 304 2082 1196">
     <span class='ocr_line' id='line_1_2' title="bbox 457 304 2077 359; baseline -0.002 -10"><span class='ocrx_word' id='word_1_2' title='bbox 457 307 691 349; x_wconf 73' lang='lat' dir='ltr'><strong>sanctitati</strong></span> <span class='ocrx_word' id='word_1_3' title='bbox 723 310 873 348; x_wconf 80' lang='lat' dir='ltr'><strong>vestre</strong></span> <span class='ocrx_word' id='word_1_4' title='bbox 906 308 1092 357; x_wconf 88' lang='lat' dir='ltr'><strong>certum,</strong></span> <span class='ocrx_word' id='word_1_5' title='bbox 1130 305 1361 359; x_wconf 85' lang='lat' dir='ltr'><strong>predictus</strong></span> <span class='ocrx_word' id='word_1_6' title='bbox 1394 304 1607 356; x_wconf 74' lang='lat' dir='ltr'>sindicus,</span> <span class='ocrx_word' id='word_1_7' title='bbox 1654 304 1730 359; x_wconf 87' lang='lat' dir='ltr'><strong>qui</strong></span> <span class='ocrx_word' id='word_1_8' title='bbox 1768 304 1945 345; x_wconf 68' lang='lat' dir='ltr'><strong>noviter</strong></span> <span class='ocrx_word' id='word_1_9' title='bbox 1977 317 2077 345; x_wconf 87' lang='lat' dir='ltr'><strong>cum</strong></span> 
     </span>
     <span class='ocr_line' id='line_1_3' title="bbox 456 375 2078 432; baseline -0.002 -13"><span class='ocrx_word' id='word_1_10' title='bbox 456 377 588 432; x_wconf 87' lang='lat' dir='ltr'><strong>pleno</strong></span> <span class='ocrx_word' id='word_1_11' title='bbox 621 378 836 419; x_wconf 87' lang='lat' dir='ltr'><strong>mandato</strong></span> <span class='ocrx_word' id='word_1_12' title='bbox 870 376 1005 427; x_wconf 77' lang='lat' dir='ltr'><strong>venit,</strong></span> <span class='ocrx_word' id='word_1_13' title='bbox 1038 376 1237 417; x_wconf 85' lang='lat' dir='ltr'><strong>mittitur</strong></span> <span class='ocrx_word' id='word_1_14' title='bbox 1270 376 1439 417; x_wconf 77' lang='lat' dir='ltr'><strong>directe</strong></span> <span class='ocrx_word' id='word_1_15' title='bbox 1473 376 1530 417; x_wconf 90' lang='lat' dir='ltr'><strong>ad</strong></span> <span class='ocrx_word' id='word_1_16' title='bbox 1563 375 1793 417; x_wconf 87' lang='lat' dir='ltr'><strong>dominum</strong></span> <span class='ocrx_word' id='word_1_17' title='bbox 1825 376 1877 417; x_wconf 91' lang='lat' dir='ltr'><strong>N.</strong></span> <span class='ocrx_word' id='word_1_18' title='bbox 1910 387 2078 428; x_wconf 87' lang='lat' dir='ltr'><strong>ponen-</strong></span> 
     </span>
     <span class='ocr_line' id='line_1_4' title="bbox 456 445 2079 501; baseline -0.001 -12"><span class='ocrx_word' id='word_1_19' title='bbox 456 449 567 501; x_wconf 65' lang='lat' dir='ltr'><strong>tesa)</strong></span> <span class='ocrx_word' id='word_1_20' title='bbox 600 461 646 489; x_wconf 89' lang='lat' dir='ltr'><strong>se</strong></span> <span class='ocrx_word' id='word_1_21' title='bbox 681 451 723 489; x_wconf 89' lang='lat' dir='ltr'><strong>et</strong></span> <span class='ocrx_word' id='word_1_22' title='bbox 755 460 837 489; x_wconf 88' lang='lat' dir='ltr'><strong>sua</strong></span> <span class='ocrx_word' id='word_1_23' title='bbox 875 447 921 488; x_wconf 87' lang='lat' dir='ltr'><strong>in</strong></span> <span class='ocrx_word' id='word_1_24' title='bbox 959 447 1169 489; x_wconf 87' lang='lat' dir='ltr'><strong>manibus</strong></span> <span class='ocrx_word' id='word_1_25' title='bbox 1210 447 1318 498; x_wconf 88' lang='lat' dir='ltr'><strong>suis,</strong></span> <span class='ocrx_word' id='word_1_26' title='bbox 1352 445 1502 488; x_wconf 84' lang='lat' dir='ltr'><strong>facere</strong></span> <span class='ocrx_word' id='word_1_27' title='bbox 1542 446 1595 487; x_wconf 93' lang='lat' dir='ltr'><strong>de</strong></span> <span class='ocrx_word' id='word_1_28' title='bbox 1629 445 1706 495; x_wconf 83' lang='lat' dir='ltr'><strong>eis,</strong></span> <span class='ocrx_word' id='word_1_29' title='bbox 1746 446 1960 501; x_wconf 82' lang='lat' dir='ltr'><strong>quicquid</strong></span> <span class='ocrx_word' id='word_1_30' title='bbox 1993 445 2079 488; x_wconf 86' lang='lat' dir='ltr'><strong>sibi</strong></span> 
     </span>
     <span class='ocr_line' id='line_1_5' title="bbox 456 516 2079 572; baseline -0.001 -12"><span class='ocrx_word' id='word_1_31' title='bbox 456 518 683 560; x_wconf 85' lang='lat' dir='ltr'><strong>videbitur</strong></span> <span class='ocrx_word' id='word_1_32' title='bbox 723 520 765 559; x_wconf 89' lang='lat' dir='ltr'><strong>et</strong></span> <span class='ocrx_word' id='word_1_33' title='bbox 797 517 1030 572; x_wconf 79' lang='lat' dir='ltr'><strong>placuerit.</strong></span> <span class='ocrx_word' id='word_1_34' title='bbox 1095 517 1295 559; x_wconf 81' lang='lat' dir='ltr'><strong>Audiens</strong></span> <span class='ocrx_word' id='word_1_35' title='bbox 1338 521 1487 558; x_wconf 87' lang='lat' dir='ltr'><strong>autem</strong></span> <span class='ocrx_word' id='word_1_36' title='bbox 1521 516 1605 558; x_wconf 89' lang='grc'>1105</span> <span class='ocrx_word' id='word_1_37' title='bbox 1643 516 1867 558; x_wconf 86' lang='lat' dir='ltr'><strong>obmutuit</strong></span> <span class='ocrx_word' id='word_1_38' title='bbox 1901 518 1944 557; x_wconf 92' lang='lat' dir='ltr'><strong>et</strong></span> <span class='ocrx_word' id='word_1_39' title='bbox 1977 518 2079 570; x_wconf 89' lang='lat' dir='ltr'><strong>post</strong></span> 
     </span>
     <span class='ocr_line' id='line_1_6' title="bbox 458 586 2077 643; baseline -0.001 -13"><span class='ocrx_word' id='word_1_40' title='bbox 458 589 657 643; x_wconf 78' lang='lat' dir='ltr'><strong>aliquam</strong></span> <span class='ocrx_word' id='word_1_41' title='bbox 707 601 882 629; x_wconf 87' lang='lat' dir='ltr'><strong>moram</strong></span> <span class='ocrx_word' id='word_1_42' title='bbox 929 587 1063 629; x_wconf 78' lang='lat' dir='ltr'><strong>dixit:</strong></span> <span class='ocrx_word' id='word_1_43' title='bbox 1108 586 1251 639; x_wconf 69' lang='lat' dir='ltr'><strong>Certe,</strong></span> <span class='ocrx_word' id='word_1_44' title='bbox 1301 587 1507 629; x_wconf 87' lang='lat' dir='ltr'><strong>dominus</strong></span> <span class='ocrx_word' id='word_1_45' title='bbox 1541 588 1592 628; x_wconf 91' lang='lat' dir='ltr'><strong>N.</strong></span> <span class='ocrx_word' id='word_1_46' title='bbox 1632 586 1739 628; x_wconf 84' lang='lat' dir='ltr'><strong>fecit</strong></span> <span class='ocrx_word' id='word_1_47' title='bbox 1779 586 1865 628; x_wconf 85' lang='lat' dir='ltr'><strong>diei</strong></span> <span class='ocrx_word' id='word_1_48' title='bbox 1899 586 2077 628; x_wconf 87' lang='lat' dir='ltr'><strong>domino</strong></span> 
     </span>
     <span class='ocr_line' id='line_1_7' title="bbox 456 657 2079 714; baseline -0.002 -13"><span class='ocrx_word' id='word_1_49' title='bbox 456 659 554 714; x_wconf 89' lang='lat' dir='ltr'><strong>regi</strong></span> <span class='ocrx_word' id='word_1_50' title='bbox 584 660 865 714; x_wconf 85' lang='lat' dir='ltr'><strong>Aragonum,</strong></span> <span class='ocrx_word' id='word_1_51' title='bbox 901 659 1021 714; x_wconf 84' lang='lat' dir='ltr'><strong>quod</strong></span> <span class='ocrx_word' id='word_1_52' title='bbox 1054 672 1133 701; x_wconf 91' lang='lat' dir='ltr'><strong>nos</strong></span> <span class='ocrx_word' id='word_1_53' title='bbox 1167 672 1247 700; x_wconf 83' lang='lat' dir='ltr'><strong>neo</strong></span> <span class='ocrx_word' id='word_1_54' title='bbox 1279 658 1507 700; x_wconf 88' lang='lat' dir='ltr'><strong>iusticiam</strong></span> <span class='ocrx_word' id='word_1_55' title='bbox 1540 671 1620 699; x_wconf 88' lang='lat' dir='ltr'><strong>nec</strong></span> <span class='ocrx_word' id='word_1_56' title='bbox 1653 657 1854 712; x_wconf 78' lang='lat' dir='ltr'><strong>graciam</strong></span> <span class='ocrx_word' id='word_1_57' title='bbox 1889 658 1928 699; x_wconf 86' lang='lat' dir='ltr'><strong>ei</strong></span> <span class='ocrx_word' id='word_1_58' title='bbox 1961 657 2079 699; x_wconf 86' lang='lat' dir='ltr'><strong>vole-</strong></span> 
     </span>
     <span class='ocr_line' id='line_1_8' title="bbox 456 727 2079 784; baseline -0.002 -13"><span class='ocrx_word' id='word_1_59' title='bbox 456 730 616 771; x_wconf 90' lang='lat' dir='ltr'><strong>bamus</strong></span> <span class='ocrx_word' id='word_1_60' title='bbox 649 729 810 771; x_wconf 82' lang='lat' dir='ltr'><strong>facere.</strong></span> <span class='ocrx_word' id='word_1_61' title='bbox 873 729 931 770; x_wconf 89' lang='lat' dir='ltr'><strong>Et</strong></span> <span class='ocrx_word' id='word_1_62' title='bbox 962 729 1087 781; x_wconf 88' lang='lat' dir='ltr'><strong>bene,</strong></span> <span class='ocrx_word' id='word_1_63' title='bbox 1120 743 1276 771; x_wconf 73' lang='lat' dir='ltr'><strong>verum</strong></span> <span class='ocrx_word' id='word_1_64' title='bbox 1307 732 1388 780; x_wconf 87' lang='lat' dir='ltr'><strong>est,</strong></span> <span class='ocrx_word' id='word_1_65' title='bbox 1413 729 1534 784; x_wconf 87' lang='lat' dir='ltr'><strong>quod</strong></span> <span class='ocrx_word' id='word_1_66' title='bbox 1555 727 1686 770; x_wconf 90' lang='lat' dir='ltr'><strong>nobis</strong></span> <span class='ocrx_word' id='word_1_67' title='bbox 1708 727 1901 769; x_wconf 89' lang='lat' dir='ltr'><strong>multum</strong></span> <span class='ocrx_word' id='word_1_68' title='bbox 1925 727 2079 782; x_wconf 84' lang='lat' dir='ltr'><strong>displi-</strong></span> 
     </span>
     <span class='ocr_line' id='line_1_9' title="bbox 456 799 2080 855; baseline -0.001 -13"><span class='ocrx_word' id='word_1_69' title='bbox 456 800 562 852; x_wconf 86' lang='lat' dir='ltr'><strong>cuit,</strong></span> <span class='ocrx_word' id='word_1_70' title='bbox 586 800 691 855; x_wconf 86' lang='lat' dir='ltr'><strong>quia</strong></span> <span class='ocrx_word' id='word_1_71' title='bbox 718 799 840 841; x_wconf 89' lang='lat' dir='ltr'><strong>istud</strong></span> <span class='ocrx_word' id='word_1_72' title='bbox 861 800 1096 854; x_wconf 76' lang='lat' dir='ltr'><strong>negocium</strong></span> <span class='ocrx_word' id='word_1_73' title='bbox 1122 805 1280 841; x_wconf 87' lang='lat' dir='ltr'><strong>contra</strong></span> <span class='ocrx_word' id='word_1_74' title='bbox 1297 799 1488 841; x_wconf 85' lang='lat' dir='ltr'><strong>Pisanos</strong></span> <span class='ocrx_word' id='word_1_75' title='bbox 1506 799 1602 853; x_wconf 88' lang='lat' dir='ltr'><strong>ipse</strong></span> <span class='ocrx_word' id='word_1_76' title='bbox 1628 799 1888 852; x_wconf 77' lang='lat' dir='ltr'><strong>assumpsit,</strong></span> <span class='ocrx_word' id='word_1_77' title='bbox 1908 802 1951 840; x_wconf 87' lang='lat' dir='ltr'><strong>et</strong></span> <span class='ocrx_word' id='word_1_78' title='bbox 1969 800 2080 840; x_wconf 86' lang='lat' dir='ltr'><strong>bene</strong></span> 
     </span>
     <span class='ocr_line' id='line_1_10' title="bbox 455 867 2080 925; baseline -0.001 -13"><span class='ocrx_word' id='word_1_79' title='bbox 455 871 770 922; x_wconf 75' lang='lat' dir='ltr'><strong>voluissemus,</strong></span> <span class='ocrx_word' id='word_1_80' title='bbox 805 871 925 925; x_wconf 85' lang='lat' dir='ltr'><strong>quod</strong></span> <span class='ocrx_word' id='word_1_81' title='bbox 957 884 1045 912; x_wconf 89' lang='lat' dir='ltr'><strong>non</strong></span> <span class='ocrx_word' id='word_1_82' title='bbox 1081 869 1414 923; x_wconf 79' lang='lat' dir='ltr'><strong>assumpsisset.</strong></span> <span class='ocrx_word' id='word_1_83' title='bbox 1479 867 1556 910; x_wconf 82' lang='lat' dir='ltr'><strong>Set</strong></span> <span class='ocrx_word' id='word_1_84' title='bbox 1589 868 1735 909; x_wconf 86' lang='lat' dir='ltr'><strong>adhuc</strong></span> <span class='ocrx_word' id='word_1_85' title='bbox 1765 873 2080 923; x_wconf 85' lang='lat' dir='ltr'><strong>retorquemus</strong></span> 
     </span>
     <span class='ocr_line' id='line_1_11' title="bbox 455 939 2080 994; baseline -0.003 -10"><span class='ocrx_word' id='word_1_86' title='bbox 455 954 539 984; x_wconf 86' lang='lat' dir='ltr'><strong>nos</strong></span> <span class='ocrx_word' id='word_1_87' title='bbox 574 941 742 983; x_wconf 88' lang='lat' dir='ltr'><strong>dictum</strong></span> <span class='ocrx_word' id='word_1_88' title='bbox 775 942 962 983; x_wconf 75' lang='lat' dir='ltr'><strong>verbum</strong></span> <span class='ocrx_word' id='word_1_89' title='bbox 994 941 1039 982; x_wconf 87' lang='lat' dir='ltr'><strong>in</strong></span> <span class='ocrx_word' id='word_1_90' title='bbox 1081 943 1262 994; x_wconf 88' lang='lat' dir='ltr'><strong>pectore</strong></span> <span class='ocrx_word' id='word_1_91' title='bbox 1312 953 1406 982; x_wconf 91' lang='lat' dir='ltr'><strong>suo.</strong></span> <span class='ocrx_word' id='word_1_92' title='bbox 1486 939 1841 993; x_wconf 79' lang='lat' dir='ltr'><strong>Verumptamen</strong></span> <span class='ocrx_word' id='word_1_93' title='bbox 1891 952 1943 979; x_wconf 79' lang='lat' dir='ltr'><strong>ex</strong></span> <span class='ocrx_word' id='word_1_94' title='bbox 1993 951 2080 993; x_wconf 85' lang='lat' dir='ltr'><strong>quo</strong></span> 
     </span>
     <span class='ocr_line' id='line_1_12' title="bbox 457 1009 2081 1067; baseline -0.003 -13"><span class='ocrx_word' id='word_1_95' title='bbox 457 1012 693 1067; x_wconf 81' lang='lat' dir='ltr'><strong>negocium</strong></span> <span class='ocrx_word' id='word_1_96' title='bbox 727 1012 790 1053; x_wconf 88' lang='lat' dir='ltr'><strong>sic</strong></span> <span class='ocrx_word' id='word_1_97' title='bbox 835 1025 881 1053; x_wconf 89' lang='lat' dir='ltr'><strong>se</strong></span> <span class='ocrx_word' id='word_1_98' title='bbox 922 1012 1072 1062; x_wconf 86' lang='lat' dir='ltr'><strong>habet,</strong></span> <span class='ocrx_word' id='word_1_99' title='bbox 1113 1011 1151 1053; x_wconf 83' lang='grc'><strong>51</strong></span> <span class='ocrx_word' id='word_1_100' title='bbox 1195 1018 1245 1052; x_wconf 87' lang='lat' dir='ltr'><strong>tu</strong></span> <span class='ocrx_word' id='word_1_101' title='bbox 1289 1010 1371 1062; x_wconf 72' lang='lat' dir='ltr'><strong>vis,</strong></span> <span class='ocrx_word' id='word_1_102' title='bbox 1416 1024 1498 1053; x_wconf 92' lang='lat' dir='ltr'><strong>nos</strong></span> <span class='ocrx_word' id='word_1_103' title='bbox 1545 1009 1743 1052; x_wconf 84' lang='lat' dir='ltr'><strong>dicemus</strong></span> <span class='ocrx_word' id='word_1_104' title='bbox 1789 1009 1970 1051; x_wconf 91' lang='lat' dir='ltr'><strong>domino</strong></span> <span class='ocrx_word' id='word_1_105' title='bbox 2013 1009 2081 1061; x_wconf 61' lang='lat' dir='ltr'><strong>N„</strong></span> 
     </span>
     <span class='ocr_line' id='line_1_13' title="bbox 457 1079 2082 1139; baseline -0.002 -14"><span class='ocrx_word' id='word_1_106' title='bbox 457 1084 579 1139; x_wconf 89' lang='lat' dir='ltr'><strong>quod</strong></span> <span class='ocrx_word' id='word_1_107' title='bbox 610 1082 886 1124; x_wconf 87' lang='lat' dir='ltr'><strong>intromittat</strong></span> <span class='ocrx_word' id='word_1_108' title='bbox 920 1096 978 1124; x_wconf 87' lang='lat' dir='ltr'><strong>se.</strong></span> <span class='ocrx_word' id='word_1_109' title='bbox 1040 1083 1205 1124; x_wconf 84' lang='lat' dir='ltr'><strong>Ymmo</strong></span> <span class='ocrx_word' id='word_1_110' title='bbox 1244 1081 1448 1135; x_wconf 86' lang='lat' dir='ltr'><strong>supplico</strong></span> <span class='ocrx_word' id='word_1_111' title='bbox 1489 1080 1725 1123; x_wconf 87' lang='lat' dir='ltr'><strong>sanctitati</strong></span> <span class='ocrx_word' id='word_1_112' title='bbox 1766 1084 1927 1132; x_wconf 78' lang='lat' dir='ltr'><strong>vestre,</strong></span> <span class='ocrx_word' id='word_1_113' title='bbox 1963 1079 2082 1134; x_wconf 86' lang='lat' dir='ltr'><strong>quod</strong></span> 
     </span>
     <span class='ocr_line' id='line_1_14' title="bbox 458 1153 650 1196; baseline -0.01 0"><span class='ocrx_word' id='word_1_114' title='bbox 458 1153 650 1196; x_wconf 85' lang='lat' dir='ltr'><strong>faciatis.</strong></span> 
     </span>
    </p>

    <p class='ocr_par' dir='ltr' id='par_1_3' title="bbox 458 1220 2085 2189">
     <span class='ocr_line' id='line_1_15' title="bbox 601 1220 2082 1278; baseline -0.004 -10"><span class='ocrx_word' id='word_1_115' title='bbox 601 1224 763 1268; x_wconf 88' lang='lat' dir='ltr'><strong>Omnia</strong></span> <span class='ocrx_word' id='word_1_116' title='bbox 796 1224 883 1266; x_wconf 89' lang='lat' dir='ltr'><strong>ista</strong></span> <span class='ocrx_word' id='word_1_117' title='bbox 918 1224 1056 1266; x_wconf 83' lang='lat' dir='ltr'><strong>habui</strong></span> <span class='ocrx_word' id='word_1_118' title='bbox 1083 1224 1239 1267; x_wconf 87' lang='lat' dir='ltr'><strong>statim</strong></span> <span class='ocrx_word' id='word_1_119' title='bbox 1273 1225 1329 1265; x_wconf 89' lang='lat' dir='ltr'><strong>ab</strong></span> <span class='ocrx_word' id='word_1_120' title='bbox 1355 1222 1514 1275; x_wconf 89' lang='lat' dir='ltr'><strong>amico,</strong></span> <span class='ocrx_word' id='word_1_121' title='bbox 1549 1222 1627 1278; x_wconf 88' lang='lat' dir='ltr'><strong>qui</strong></span> <span class='ocrx_word' id='word_1_122' title='bbox 1659 1223 1712 1263; x_wconf 91' lang='lat' dir='ltr'><strong>de</strong></span> <span class='ocrx_word' id='word_1_123' title='bbox 1735 1221 1945 1263; x_wconf 89' lang='lat' dir='ltr'><strong>omnibus</strong></span> <span class='ocrx_word' id='word_1_124' title='bbox 1968 1220 2082 1262; x_wconf 91' lang='lat' dir='ltr'><strong>mul-</strong></span> 
     </span>
     <span class='ocr_line' id='line_1_16' title="bbox 458 1291 2083 1346; baseline -0.004 -8"><span class='ocrx_word' id='word_1_125' title='bbox 458 1300 554 1338; x_wconf 92' lang='lat' dir='ltr'><strong>tum</strong></span> <span class='ocrx_word' id='word_1_126' title='bbox 589 1295 916 1337; x_wconf 82' lang='lat' dir='ltr'><strong>delectabiliter</strong></span> <span class='ocrx_word' id='word_1_127' title='bbox 938 1296 1129 1337; x_wconf 83' lang='lat' dir='ltr'><strong>ridebat.</strong></span> <span class='ocrx_word' id='word_1_128' title='bbox 1194 1294 1348 1336; x_wconf 89' lang='lat' dir='ltr'><strong>Habui</strong></span> <span class='ocrx_word' id='word_1_129' title='bbox 1381 1293 1516 1335; x_wconf 88' lang='lat' dir='ltr'><strong>etiam</strong></span> <span class='ocrx_word' id='word_1_130' title='bbox 1549 1294 1639 1336; x_wconf 86' lang='lat' dir='ltr'><strong>ista</strong></span> <span class='ocrx_word' id='word_1_131' title='bbox 1658 1293 1813 1334; x_wconf 88' lang='lat' dir='ltr'><strong>eadem</strong></span> <span class='ocrx_word' id='word_1_132' title='bbox 1838 1305 1863 1333; x_wconf 87' lang='lat' dir='ltr'><strong>a</strong></span> <span class='ocrx_word' id='word_1_133' title='bbox 1887 1291 2083 1346; x_wconf 86' lang='lat' dir='ltr'><strong>quodam</strong></span> 
     </span>
     <span class='ocr_line' id='line_1_17' title="bbox 459 1362 2082 1421; baseline -0.003 -12"><span class='ocrx_word' id='word_1_134' title='bbox 459 1366 795 1421; x_wconf 87' lang='lat' dir='ltr'><strong>consanguineo</strong></span> <span class='ocrx_word' id='word_1_135' title='bbox 823 1371 866 1408; x_wconf 86' lang='lat' dir='ltr'><strong>et</strong></span> <span class='ocrx_word' id='word_1_136' title='bbox 899 1367 952 1408; x_wconf 89' lang='lat' dir='ltr'><strong>de</strong></span> <span class='ocrx_word' id='word_1_137' title='bbox 985 1365 1157 1407; x_wconf 80' lang='lat' dir='ltr'><strong>familia</strong></span> <span class='ocrx_word' id='word_1_138' title='bbox 1194 1365 1340 1417; x_wconf 85' lang='lat' dir='ltr'><strong>amici,</strong></span> <span class='ocrx_word' id='word_1_139' title='bbox 1376 1365 1453 1420; x_wconf 83' lang='lat' dir='ltr'><strong>qui</strong></span> <span class='ocrx_word' id='word_1_140' title='bbox 1485 1366 1553 1407; x_wconf 87' lang='lat' dir='ltr'><strong>est</strong></span> <span class='ocrx_word' id='word_1_141' title='bbox 1582 1363 1780 1406; x_wconf 82' lang='lat' dir='ltr'><strong>eiusdem</strong></span> <span class='ocrx_word' id='word_1_142' title='bbox 1813 1362 2082 1404; x_wconf 87' lang='lat' dir='ltr'><strong>intencionis</strong></span> 
     </span>
     <span class='ocr_line' id='line_1_18' title="bbox 459 1433 2082 1491; baseline -0.002 -12"><span class='ocrx_word' id='word_1_143' title='bbox 459 1451 561 1480; x_wconf 89' lang='lat' dir='ltr'><strong>cum</strong></span> <span class='ocrx_word' id='word_1_144' title='bbox 609 1437 753 1479; x_wconf 86' lang='lat' dir='ltr'><strong>amico</strong></span> <span class='ocrx_word' id='word_1_145' title='bbox 800 1441 842 1478; x_wconf 87' lang='lat' dir='ltr'><strong>et</strong></span> <span class='ocrx_word' id='word_1_146' title='bbox 888 1438 940 1478; x_wconf 83' lang='lat' dir='ltr'><strong>de</strong></span> <span class='ocrx_word' id='word_1_147' title='bbox 984 1450 1071 1491; x_wconf 81' lang='lat' dir='ltr'><strong>quo</strong></span> <span class='ocrx_word' id='word_1_148' title='bbox 1116 1436 1287 1478; x_wconf 88' lang='lat' dir='ltr'><strong>amicus</strong></span> <span class='ocrx_word' id='word_1_149' title='bbox 1327 1435 1457 1477; x_wconf 75' lang='lat' dir='ltr'><strong>valde</strong></span> <span class='ocrx_word' id='word_1_150' title='bbox 1503 1433 1700 1485; x_wconf 82' lang='lat' dir='ltr'><strong>confidit,</strong></span> <span class='ocrx_word' id='word_1_151' title='bbox 1745 1433 1815 1474; x_wconf 89' lang='lat' dir='ltr'><strong>cui</strong></span> <span class='ocrx_word' id='word_1_152' title='bbox 1853 1433 2082 1487; x_wconf 83' lang='lat' dir='ltr'><strong>predictus</strong></span> 
     </span>
     <span class='ocr_line' id='line_1_19' title="bbox 462 1503 2084 1562; baseline -0.004 -11"><span class='ocrx_word' id='word_1_153' title='bbox 462 1508 662 1551; x_wconf 87' lang='lat' dir='ltr'><strong>sindicus</strong></span> <span class='ocrx_word' id='word_1_154' title='bbox 695 1508 899 1562; x_wconf 87' lang='lat' dir='ltr'><strong>predicta</strong></span> <span class='ocrx_word' id='word_1_155' title='bbox 927 1507 1105 1562; x_wconf 84' lang='lat' dir='ltr'><strong>singula</strong></span> <span class='ocrx_word' id='word_1_156' title='bbox 1135 1520 1215 1561; x_wconf 90' lang='lat' dir='ltr'><strong>per</strong></span> <span class='ocrx_word' id='word_1_157' title='bbox 1238 1506 1441 1549; x_wconf 88' lang='lat' dir='ltr'><strong>ordinem</strong></span> <span class='ocrx_word' id='word_1_158' title='bbox 1464 1507 1743 1547; x_wconf 77' lang='lat' dir='ltr'><strong>narraverat.</strong></span> <span class='ocrx_word' id='word_1_159' title='bbox 1799 1503 1925 1546; x_wconf 78' lang='lat' dir='ltr'><strong>Dixit</strong></span> <span class='ocrx_word' id='word_1_160' title='bbox 1947 1503 2084 1545; x_wconf 86' lang='lat' dir='ltr'><strong>michi</strong></span> 
     </span>
     <span class='ocr_line' id='line_1_20' title="bbox 458 1574 2082 1632; baseline -0.003 -11"><span class='ocrx_word' id='word_1_161' title='bbox 458 1583 610 1622; x_wconf 90' lang='lat' dir='ltr'><strong>tamen</strong></span> <span class='ocrx_word' id='word_1_162' title='bbox 644 1593 782 1621; x_wconf 90' lang='lat' dir='ltr'><strong>unum</strong></span> <span class='ocrx_word' id='word_1_163' title='bbox 821 1579 1008 1620; x_wconf 71' lang='lat' dir='ltr'><strong>verbum</strong></span> <span class='ocrx_word' id='word_1_164' title='bbox 1050 1578 1235 1626; x_wconf 64' lang='lat' dir='ltr'><strong>amicus,</strong></span> <span class='ocrx_word' id='word_1_165' title='bbox 1270 1577 1390 1632; x_wconf 84' lang='lat' dir='ltr'><strong>quod</strong></span> <span class='ocrx_word' id='word_1_166' title='bbox 1424 1589 1564 1631; x_wconf 83' lang='lat' dir='ltr'><strong>usque</strong></span> <span class='ocrx_word' id='word_1_167' title='bbox 1605 1577 1661 1617; x_wconf 85' lang='lat' dir='ltr'><strong>ad</strong></span> <span class='ocrx_word' id='word_1_168' title='bbox 1694 1588 1846 1630; x_wconf 86' lang='lat' dir='ltr'><strong>regem</strong></span> <span class='ocrx_word' id='word_1_169' title='bbox 1879 1575 1913 1616; x_wconf 91' lang='lat' dir='ltr'>F</span> <span class='ocrx_word' id='word_1_170' title='bbox 1917 1574 2082 1625; x_wconf 87' lang='lat' dir='ltr'><strong>rancie,</strong></span> 
     </span>
     <span class='ocr_line' id='line_1_21' title="bbox 458 1645 2083 1702; baseline -0.003 -10"><span class='ocrx_word' id='word_1_171' title='bbox 458 1654 509 1692; x_wconf 91' lang='lat' dir='ltr'><strong>ut</strong></span> <span class='ocrx_word' id='word_1_172' title='bbox 542 1650 628 1692; x_wconf 88' lang='lat' dir='ltr'><strong>sibi</strong></span> <span class='ocrx_word' id='word_1_173' title='bbox 671 1650 848 1692; x_wconf 75' lang='lat' dir='ltr'><strong>dixerat</strong></span> <span class='ocrx_word' id='word_1_174' title='bbox 890 1649 1097 1691; x_wconf 87' lang='lat' dir='ltr'><strong>dominus</strong></span> <span class='ocrx_word' id='word_1_175' title='bbox 1141 1650 1193 1690; x_wconf 90' lang='lat' dir='ltr'><strong>de</strong></span> <span class='ocrx_word' id='word_1_176' title='bbox 1231 1648 1492 1702; x_wconf 51' lang='lat' dir='ltr'><strong>Rablayast)</strong></span> <span class='ocrx_word' id='word_1_177' title='bbox 1527 1648 1581 1689; x_wconf 92' lang='lat' dir='ltr'><strong>de</strong></span> <span class='ocrx_word' id='word_1_178' title='bbox 1620 1646 1836 1701; x_wconf 76' lang='lat' dir='ltr'><strong>predictis</strong></span> <span class='ocrx_word' id='word_1_179' title='bbox 1876 1645 2083 1687; x_wconf 89' lang='lat' dir='ltr'><strong>dominus</strong></span> 
     </span>
     <span class='ocr_line' id='line_1_22' title="bbox 458 1717 2083 1773; baseline -0.004 -9"><span class='ocrx_word' id='word_1_180' title='bbox 458 1724 613 1764; x_wconf 88' lang='lat' dir='ltr'><strong>noster</strong></span> <span class='ocrx_word' id='word_1_181' title='bbox 656 1721 970 1762; x_wconf 70' lang='lat' dir='ltr'><strong>diffamaverat</strong></span> <span class='ocrx_word' id='word_1_182' title='bbox 1005 1734 1117 1762; x_wconf 91' lang='lat' dir='ltr'><strong>eum.</strong></span> <span class='ocrx_word' id='word_1_183' title='bbox 1182 1720 1358 1761; x_wconf 87' lang='lat' dir='ltr'><strong>Bonum</strong></span> <span class='ocrx_word' id='word_1_184' title='bbox 1402 1722 1485 1769; x_wconf 86' lang='lat' dir='ltr'><strong>est,</strong></span> <span class='ocrx_word' id='word_1_185' title='bbox 1519 1718 1640 1773; x_wconf 87' lang='lat' dir='ltr'><strong>quod</strong></span> <span class='ocrx_word' id='word_1_186' title='bbox 1681 1717 1809 1772; x_wconf 88' lang='lat' dir='ltr'><strong>regia</strong></span> <span class='ocrx_word' id='word_1_187' title='bbox 1850 1719 2083 1771; x_wconf 81' lang='lat' dir='ltr'><strong>magestas</strong></span> 
     </span>
     <span class='ocr_line' id='line_1_23' title="bbox 458 1789 2082 1845; baseline -0.004 -11"><span class='ocrx_word' id='word_1_188' title='bbox 458 1796 611 1834; x_wconf 86' lang='lat' dir='ltr'><strong>teneat</strong></span> <span class='ocrx_word' id='word_1_189' title='bbox 665 1792 897 1834; x_wconf 88' lang='lat' dir='ltr'><strong>ordinatos</strong></span> <span class='ocrx_word' id='word_1_190' title='bbox 940 1795 983 1833; x_wconf 86' lang='lat' dir='ltr'><strong>et</strong></span> <span class='ocrx_word' id='word_1_191' title='bbox 1037 1795 1223 1845; x_wconf 87' lang='lat' dir='ltr'><strong>paratos</strong></span> <span class='ocrx_word' id='word_1_192' title='bbox 1278 1802 1384 1833; x_wconf 90' lang='lat' dir='ltr'><strong>suos</strong></span> <span class='ocrx_word' id='word_1_193' title='bbox 1429 1789 1616 1831; x_wconf 82' lang='lat' dir='ltr'><strong>nuncios</strong></span> <span class='ocrx_word' id='word_1_194' title='bbox 1657 1791 1698 1830; x_wconf 89' lang='lat' dir='ltr'><strong>et</strong></span> <span class='ocrx_word' id='word_1_195' title='bbox 1747 1792 2082 1842; x_wconf 86' lang='lat' dir='ltr'><strong>procuratores,</strong></span> 
     </span>
     <span class='ocr_line' id='line_1_24' title="bbox 460 1858 2085 1919; baseline -0.003 -14"><span class='ocrx_word' id='word_1_196' title='bbox 460 1864 567 1919; x_wconf 91' lang='lat' dir='ltr'><strong>quia</strong></span> <span class='ocrx_word' id='word_1_197' title='bbox 600 1863 769 1915; x_wconf 88' lang='lat' dir='ltr'><strong>statim,</strong></span> <span class='ocrx_word' id='word_1_198' title='bbox 805 1877 904 1904; x_wconf 86' lang='lat' dir='ltr'><strong>cum</strong></span> <span class='ocrx_word' id='word_1_199' title='bbox 939 1862 1136 1904; x_wconf 88' lang='lat' dir='ltr'><strong>sindicus</strong></span> <span class='ocrx_word' id='word_1_200' title='bbox 1169 1861 1244 1902; x_wconf 91' lang='lat' dir='ltr'><strong>ille</strong></span> <span class='ocrx_word' id='word_1_201' title='bbox 1278 1860 1464 1912; x_wconf 76' lang='lat' dir='ltr'><strong>venerit,</strong></span> <span class='ocrx_word' id='word_1_202' title='bbox 1498 1860 1624 1915; x_wconf 89' lang='lat' dir='ltr'><strong>regia</strong></span> <span class='ocrx_word' id='word_1_203' title='bbox 1650 1862 1882 1914; x_wconf 86' lang='lat' dir='ltr'><strong>magestas</strong></span> <span class='ocrx_word' id='word_1_204' title='bbox 1915 1859 1968 1899; x_wconf 89' lang='lat' dir='ltr'><strong>de</strong></span> <span class='ocrx_word' id='word_1_205' title='bbox 1999 1858 2085 1900; x_wconf 88' lang='grc'>1105</span> 
     </span>
     <span class='ocr_line' id='line_1_25' title="bbox 460 1930 2085 1986; baseline -0.004 -10"><span class='ocrx_word' id='word_1_206' title='bbox 460 1934 645 1976; x_wconf 86' lang='lat' dir='ltr'><strong>habebit</strong></span> <span class='ocrx_word' id='word_1_207' title='bbox 679 1935 733 1976; x_wconf 89' lang='lat' dir='ltr'><strong>ab</strong></span> <span class='ocrx_word' id='word_1_208' title='bbox 769 1933 913 1976; x_wconf 88' lang='lat' dir='ltr'><strong>amico</strong></span> <span class='ocrx_word' id='word_1_209' title='bbox 935 1933 1149 1975; x_wconf 78' lang='lat' dir='ltr'><strong>nuncium</strong></span> <span class='ocrx_word' id='word_1_210' title='bbox 1172 1931 1427 1986; x_wconf 86' lang='lat' dir='ltr'><strong>specialem.</strong></span> <span class='ocrx_word' id='word_1_211' title='bbox 1476 1930 1629 1973; x_wconf 89' lang='lat' dir='ltr'><strong>Pisani</strong></span> <span class='ocrx_word' id='word_1_212' title='bbox 1651 1942 1732 1984; x_wconf 88' lang='lat' dir='ltr'><strong>pro</strong></span> <span class='ocrx_word' id='word_1_213' title='bbox 1758 1932 1880 1971; x_wconf 90' lang='lat' dir='ltr'><strong>certo</strong></span> <span class='ocrx_word' id='word_1_214' title='bbox 1905 1931 2085 1970; x_wconf 85' lang='lat' dir='ltr'><strong>armant</strong></span> 
     </span>
     <span class='ocr_line' id='line_1_26' title="bbox 462 2000 2080 2055; baseline -0.004 -8"><span class='ocrx_word' id='word_1_215' title='bbox 462 2005 591 2047; x_wconf 84' lang='lat' dir='ltr'><strong>valde</strong></span> <span class='ocrx_word' id='word_1_216' title='bbox 624 2005 905 2047; x_wconf 82' lang='lat' dir='ltr'><strong>festinanter.</strong></span> <span class='ocrx_word' id='word_1_217' title='bbox 971 2004 1246 2045; x_wconf 81' lang='lat' dir='ltr'><strong>Mementote</strong></span> <span class='ocrx_word' id='word_1_218' title='bbox 1280 2002 1379 2053; x_wconf 85' lang='lat' dir='ltr'><strong>mei,</strong></span> <span class='ocrx_word' id='word_1_219' title='bbox 1414 2001 1534 2044; x_wconf 71' lang='lat' dir='ltr'><strong>sem·</strong></span> <span class='ocrx_word' id='word_1_220' title='bbox 1564 2000 1727 2042; x_wconf 68' lang='lat' dir='ltr'><strong>vestri!</strong></span> <span class='ocrx_word' id='word_1_221' title='bbox 1763 2000 1901 2055; x_wconf 83' lang='lat' dir='ltr'><strong>Regie</strong></span> <span class='ocrx_word' id='word_1_222' title='bbox 1934 2012 2080 2054; x_wconf 85' lang='lat' dir='ltr'><strong>mage-</strong></span> 
     </span>
     <span class='ocr_line' id='line_1_27' title="bbox 462 2071 2085 2125; baseline -0.004 -8"><span class='ocrx_word' id='word_1_223' title='bbox 462 2076 571 2119; x_wconf 86' lang='lat' dir='ltr'><strong>stati</strong></span> <span class='ocrx_word' id='word_1_224' title='bbox 588 2089 658 2117; x_wconf 90' lang='lat' dir='ltr'><strong>me</strong></span> <span class='ocrx_word' id='word_1_225' title='bbox 676 2075 907 2117; x_wconf 87' lang='lat' dir='ltr'><strong>humiliter</strong></span> <span class='ocrx_word' id='word_1_226' title='bbox 929 2074 1211 2117; x_wconf 89' lang='lat' dir='ltr'><strong>recomendo.</strong></span> <span class='ocrx_word' id='word_1_227' title='bbox 1265 2074 1366 2115; x_wconf 91' lang='lat' dir='ltr'><strong>Dat.</strong></span> <span class='ocrx_word' id='word_1_228' title='bbox 1394 2072 1616 2114; x_wconf 77' lang='lat' dir='ltr'><strong>Aninione</strong></span> <span class='ocrx_word' id='word_1_229' title='bbox 1642 2071 1781 2112; x_wconf 55' lang='lat' dir='ltr'><strong>DQ.</strong></span> <span class='ocrx_word' id='word_1_230' title='bbox 1808 2071 1877 2112; x_wconf 86' lang='lat' dir='ltr'><strong>die</strong></span> <span class='ocrx_word' id='word_1_231' title='bbox 1904 2083 2085 2125; x_wconf 89' lang='lat' dir='ltr'><strong>presen-</strong></span> 
     </span>
     <span class='ocr_line' id='line_1_28' title="bbox 462 2145 972 2189; baseline -0.004 -1"><span class='ocrx_word' id='word_1_232' title='bbox 462 2146 520 2189; x_wconf 88' lang='lat' dir='ltr'><strong>tis</strong></span> <span class='ocrx_word' id='word_1_233' title='bbox 552 2147 720 2188; x_wconf 86' lang='lat' dir='ltr'><strong>mensis</strong></span> <span class='ocrx_word' id='word_1_234' title='bbox 751 2145 972 2187; x_wconf 84' lang='lat' dir='ltr'><strong>Januarii.</strong></span> 
     </span>
    </p>

    <p class='ocr_par' dir='ltr' id='par_1_4' title="bbox 460 2211 2085 2319">
     <span class='ocr_line' id='line_1_29' title="bbox 603 2211 2085 2258; baseline -0.003 -7"><span class='ocrx_word' id='word_1_235' title='bbox 603 2216 692 2251; x_wconf 83' lang='lat' dir='ltr'><strong>CRD</strong></span> <span class='ocrx_word' id='word_1_236' title='bbox 728 2216 858 2251; x_wconf 75' lang='lat'>10530.</span> <span class='ocrx_word' id='word_1_237' title='bbox 909 2216 966 2251; x_wconf 80' lang='lat' dir='ltr'><strong>Or.</strong></span> <span class='ocrx_word' id='word_1_238' title='bbox 1000 2215 1083 2258; x_wconf 86' lang='lat' dir='ltr'><strong>Pap.</strong></span> <span class='ocrx_word' id='word_1_239' title='bbox 1116 2215 1191 2257; x_wconf 80' lang='lat' dir='ltr'><strong>Ssp.</strong></span> <span class='ocrx_word' id='word_1_240' title='bbox 1242 2213 1305 2248; x_wconf 69' lang='grc' dir='ltr'><strong>Μὴ</strong></span> <span class='ocrx_word' id='word_1_241' title='bbox 1330 2223 1472 2256; x_wconf 81' lang='lat' dir='ltr'><strong>grossen</strong></span> <span class='ocrx_word' id='word_1_242' title='bbox 1512 2212 1681 2246; x_wconf 73' lang='lat' dir='ltr'><strong>Lochern.</strong></span> <span class='ocrx_word' id='word_1_243' title='bbox 1732 2211 1797 2245; x_wconf 88' lang='lat' dir='ltr'><strong>Die</strong></span> <span class='ocrx_word' id='word_1_244' title='bbox 1823 2211 1974 2246; x_wconf 75' lang='lat' dir='ltr'><strong>Adresse</strong></span> <span class='ocrx_word' id='word_1_245' title='bbox 2005 2211 2085 2246; x_wconf 73' lang='lat' dir='ltr'><strong>mit:</strong></span> 
     </span>
     <span class='ocr_line' id='line_1_30' title="bbox 460 2270 1942 2319; baseline -0.003 -11"><span class='ocrx_word' id='word_1_246' title='bbox 460 2276 623 2319; x_wconf 85' lang='lat' dir='ltr'><strong>precipuo</strong></span> <span class='ocrx_word' id='word_1_247' title='bbox 650 2275 786 2308; x_wconf 86' lang='lat' dir='ltr'><strong>domino</strong></span> <span class='ocrx_word' id='word_1_248' title='bbox 813 2277 847 2309; x_wconf 86' lang='lat' dir='ltr'><strong>et</strong></span> <span class='ocrx_word' id='word_1_249' title='bbox 873 2274 1087 2308; x_wconf 80' lang='lat' dir='ltr'><strong>benefactori</strong></span> <span class='ocrx_word' id='word_1_250' title='bbox 1112 2284 1172 2307; x_wconf 88' lang='grc'>5110</span> <span class='ocrx_word' id='word_1_251' title='bbox 1199 2273 1263 2306; x_wconf 84' lang='lat' dir='ltr'><strong>wie</strong></span> <span class='ocrx_word' id='word_1_252' title='bbox 1290 2272 1345 2306; x_wconf 78' lang='lat' dir='ltr'><strong>bei</strong></span> <span class='ocrx_word' id='word_1_253' title='bbox 1370 2272 1439 2305; x_wconf 74' lang='lat' dir='ltr'><strong>fast</strong></span> <span class='ocrx_word' id='word_1_254' title='bbox 1464 2270 1555 2305; x_wconf 90' lang='lat' dir='ltr'><strong>allen</strong></span> <span class='ocrx_word' id='word_1_255' title='bbox 1580 2270 1942 2305; x_wconf 82' lang='lat' dir='ltr'><strong>Ferrarius-Briefen.</strong></span> 
     </span>
    </p>
   </div>
   <div class='ocr_carea' id='block_1_3' title="bbox 458 2388 2086 2872">
    <p class='ocr_par' dir='ltr' id='par_1_5' title="bbox 458 2388 2086 2872">
     <span class='ocr_line' id='line_1_31' title="bbox 463 2388 2086 2447; baseline -0.004 -11"><span class='ocrx_word' id='word_1_256' title='bbox 463 2395 560 2436; x_wconf 82' lang='lat'><strong>393.</strong></span> <span class='ocrx_word' id='word_1_257' title='bbox 596 2395 864 2447; x_wconf 82' lang='lat' dir='ltr'><strong>(Ferrarius</strong></span> <span class='ocrx_word' id='word_1_258' title='bbox 887 2394 943 2435; x_wconf 89' lang='grc'><strong>(15</strong></span> <span class='ocrx_word' id='word_1_259' title='bbox 960 2393 1136 2447; x_wconf 74' lang='lat' dir='ltr'><strong>Apilia)</strong></span> <span class='ocrx_word' id='word_1_260' title='bbox 1159 2405 1217 2433; x_wconf 87' lang='lat' dir='ltr'><strong>an</strong></span> <span class='ocrx_word' id='word_1_261' title='bbox 1239 2392 1267 2435; x_wconf 82' lang='lat' dir='ltr'>J</span> <span class='ocrx_word' id='word_1_262' title='bbox 1271 2402 1400 2446; x_wconf 64' lang='lat' dir='ltr'><strong>ayme</strong></span> <span class='ocrx_word' id='word_1_263' title='bbox 1417 2391 1505 2432; x_wconf 83' lang='lat' dir='ltr'><strong>IL:</strong></span> <span class='ocrx_word' id='word_1_264' title='bbox 1529 2389 1615 2431; x_wconf 81' lang='lat' dir='ltr'><strong>Am</strong></span> <span class='ocrx_word' id='word_1_265' title='bbox 1640 2389 1678 2431; x_wconf 88' lang='lat'><strong>1.</strong></span> <span class='ocrx_word' id='word_1_266' title='bbox 1697 2391 1906 2432; x_wconf 84' lang='lat' dir='ltr'><strong>Februar</strong></span> <span class='ocrx_word' id='word_1_267' title='bbox 1928 2388 2086 2442; x_wconf 82' lang='lat' dir='ltr'><strong>fragte</strong></span> 
     </span>
     <span class='ocr_line' id='line_1_32' title="bbox 463 2460 2085 2519; baseline -0.003 -13"><span class='ocrx_word' id='word_1_268' title='bbox 463 2466 547 2507; x_wconf 83' lang='lat' dir='ltr'><strong>der</strong></span> <span class='ocrx_word' id='word_1_269' title='bbox 561 2465 794 2519; x_wconf 71' lang='lat' dir='ltr'><strong>„amicus“</strong></span> <span class='ocrx_word' id='word_1_270' title='bbox 814 2464 902 2506; x_wconf 88' lang='lat' dir='ltr'><strong>den</strong></span> <span class='ocrx_word' id='word_1_271' title='bbox 921 2464 1074 2517; x_wconf 82' lang='lat' dir='ltr'><strong>Papst,</strong></span> <span class='ocrx_word' id='word_1_272' title='bbox 1091 2464 1148 2505; x_wconf 86' lang='lat' dir='ltr'><strong>ob</strong></span> <span class='ocrx_word' id='word_1_273' title='bbox 1164 2474 1215 2504; x_wconf 92' lang='lat' dir='ltr'><strong>er</strong></span> <span class='ocrx_word' id='word_1_274' title='bbox 1230 2462 1318 2503; x_wconf 88' lang='grc'>(1511</span> <span class='ocrx_word' id='word_1_275' title='bbox 1332 2462 1560 2503; x_wconf 83' lang='lat' dir='ltr'><strong>Pisanern</strong></span> <span class='ocrx_word' id='word_1_276' title='bbox 1574 2461 1624 2502; x_wconf 90' lang='lat' dir='ltr'><strong>in</strong></span> <span class='ocrx_word' id='word_1_277' title='bbox 1638 2461 1793 2503; x_wconf 88' lang='lat' dir='ltr'><strong>ihrem</strong></span> <span class='ocrx_word' id='word_1_278' title='bbox 1808 2460 2085 2513; x_wconf 82' lang='lat' dir='ltr'><strong>Einigungs-</strong></span> 
     </span>
     <span class='ocr_line' id='line_1_33' title="bbox 463 2531 2086 2585; baseline -0.004 -7"><span class='ocrx_word' id='word_1_279' title='bbox 463 2535 685 2578; x_wconf 78' lang='lat' dir='ltr'><strong>versuche</strong></span> <span class='ocrx_word' id='word_1_280' title='bbox 717 2535 955 2577; x_wconf 82' lang='lat' dir='ltr'><strong>beistehen</strong></span> <span class='ocrx_word' id='word_1_281' title='bbox 992 2533 1143 2575; x_wconf 76' lang='lat' dir='ltr'><strong>(liirfe.</strong></span> <span class='ocrx_word' id='word_1_282' title='bbox 1205 2533 1390 2576; x_wconf 80' lang='lat' dir='ltr'><strong>Johann</strong></span> <span class='ocrx_word' id='word_1_283' title='bbox 1423 2533 1569 2585; x_wconf 81' lang='lat' dir='ltr'><strong>sagte,</strong></span> <span class='ocrx_word' id='word_1_284' title='bbox 1604 2531 1708 2573; x_wconf 88' lang='grc'>(1355</span> <span class='ocrx_word' id='word_1_285' title='bbox 1741 2542 1793 2573; x_wconf 88' lang='grc'><strong>51·</strong></span> <span class='ocrx_word' id='word_1_286' title='bbox 1825 2531 1894 2573; x_wconf 84' lang='grc'><strong>315</strong></span> <span class='ocrx_word' id='word_1_287' title='bbox 1927 2531 2086 2584; x_wconf 86' lang='lat' dir='ltr'><strong>Haupt</strong></span> 
     </span>
     <span class='ocr_line' id='line_1_34' title="bbox 463 2601 2085 2659; baseline -0.004 -10"><span class='ocrx_word' id='word_1_288' title='bbox 463 2607 547 2649; x_wconf 83' lang='lat' dir='ltr'><strong>der</strong></span> <span class='ocrx_word' id='word_1_289' title='bbox 579 2604 904 2659; x_wconf 80' lang='lat' dir='ltr'><strong>Ghibellinen,</strong></span> <span class='ocrx_word' id='word_1_290' title='bbox 950 2604 1006 2646; x_wconf 84' lang='lat' dir='ltr'><strong>da</strong></span> <span class='ocrx_word' id='word_1_291' title='bbox 1038 2605 1106 2646; x_wconf 87' lang='lat' dir='ltr'><strong>sie</strong></span> <span class='ocrx_word' id='word_1_292' title='bbox 1137 2616 1228 2645; x_wconf 91' lang='lat' dir='ltr'><strong>nur</strong></span> <span class='ocrx_word' id='word_1_293' title='bbox 1261 2605 1413 2645; x_wconf 86' lang='lat' dir='ltr'><strong>einem</strong></span> <span class='ocrx_word' id='word_1_294' title='bbox 1447 2601 1747 2645; x_wconf 81' lang='lat' dir='ltr'><strong>Ghibellinen</strong></span> <span class='ocrx_word' id='word_1_295' title='bbox 1778 2602 1992 2653; x_wconf 81' lang='lat' dir='ltr'><strong>trauten,</strong></span> <span class='ocrx_word' id='word_1_296' title='bbox 2037 2612 2085 2642; x_wconf 85' lang='lat' dir='ltr'><strong>es</strong></span> 
     </span>
     <span class='ocr_line' id='line_1_35' title="bbox 462 2671 2085 2730; baseline -0.004 -11"><span class='ocrx_word' id='word_1_297' title='bbox 462 2678 547 2719; x_wconf 85' lang='lat' dir='ltr'><strong>tun</strong></span> <span class='ocrx_word' id='word_1_298' title='bbox 565 2676 715 2730; x_wconf 69' lang='lat' dir='ltr'><strong>infige.</strong></span> <span class='ocrx_word' id='word_1_299' title='bbox 741 2675 1070 2728; x_wconf 79' lang='lat' dir='ltr'><strong>Unterredung</strong></span> <span class='ocrx_word' id='word_1_300' title='bbox 1088 2674 1303 2725; x_wconf 76' lang='lat' dir='ltr'><strong>(lariiber,</strong></span> <span class='ocrx_word' id='word_1_301' title='bbox 1323 2675 1379 2716; x_wconf 85' lang='lat' dir='ltr'><strong>ob</strong></span> <span class='ocrx_word' id='word_1_302' title='bbox 1390 2674 1624 2727; x_wconf 80' lang='lat' dir='ltr'><strong>Napoleon</strong></span> <span class='ocrx_word' id='word_1_303' title='bbox 1642 2672 1801 2715; x_wconf 81' lang='lat' dir='ltr'><strong>Orsini</strong></span> <span class='ocrx_word' id='word_1_304' title='bbox 1818 2671 2085 2715; x_wconf 83' lang='lat' dir='ltr'><strong>Ghibelh‘ne</strong></span> 
     </span>
     <span class='ocr_line' id='line_1_36' title="bbox 464 2742 2086 2799; baseline -0.004 -9"><span class='ocrx_word' id='word_1_305' title='bbox 464 2748 553 2799; x_wconf 86' lang='lat' dir='ltr'><strong>sei;</strong></span> <span class='ocrx_word' id='word_1_306' title='bbox 588 2759 639 2790; x_wconf 87' lang='lat' dir='ltr'><strong>er</strong></span> <span class='ocrx_word' id='word_1_307' title='bbox 672 2747 894 2799; x_wconf 71' lang='lat' dir='ltr'><strong>erkliirte‚</strong></span> <span class='ocrx_word' id='word_1_308' title='bbox 926 2745 1079 2788; x_wconf 80' lang='lat' dir='ltr'><strong>weder</strong></span> <span class='ocrx_word' id='word_1_309' title='bbox 1110 2743 1379 2787; x_wconf 80' lang='lat' dir='ltr'><strong>Ghibelline</strong></span> <span class='ocrx_word' id='word_1_310' title='bbox 1412 2745 1531 2786; x_wconf 87' lang='lat' dir='ltr'><strong>noch</strong></span> <span class='ocrx_word' id='word_1_311' title='bbox 1564 2742 1729 2786; x_wconf 79' lang='lat' dir='ltr'><strong>Guelfe</strong></span> <span class='ocrx_word' id='word_1_312' title='bbox 1762 2755 1817 2784; x_wconf 91' lang='lat' dir='ltr'><strong>zu</strong></span> <span class='ocrx_word' id='word_1_313' title='bbox 1848 2743 1968 2793; x_wconf 88' lang='lat' dir='ltr'><strong>sein,</strong></span> <span class='ocrx_word' id='word_1_314' title='bbox 2000 2742 2086 2783; x_wconf 78' lang='lat' dir='ltr'><strong>wie</strong></span> 
     </span>
     <span class='ocr_line' id='line_1_37' title="bbox 458 2811 2086 2872; baseline -0.005 -12"><span class='ocrx_word' id='word_1_315' title='bbox 458 2818 596 2872; x_wconf 75' lang='lat' dir='ltr'><strong>Jeder</strong></span> <span class='ocrx_word' id='word_1_316' title='bbox 639 2818 794 2860; x_wconf 80' lang='lat' dir='ltr'><strong>wahre</strong></span> <span class='ocrx_word' id='word_1_317' title='bbox 825 2815 1013 2869; x_wconf 71' lang='lat' dir='ltr'><strong>Riimer,</strong></span> <span class='ocrx_word' id='word_1_318' title='bbox 1059 2827 1112 2857; x_wconf 89' lang='lat' dir='ltr'><strong>er</strong></span> <span class='ocrx_word' id='word_1_319' title='bbox 1155 2816 1290 2857; x_wconf 83' lang='lat' dir='ltr'><strong>wolle</strong></span> <span class='ocrx_word' id='word_1_320' title='bbox 1322 2815 1521 2858; x_wconf 82' lang='lat' dir='ltr'><strong>Frieden</strong></span> <span class='ocrx_word' id='word_1_321' title='bbox 1564 2813 1658 2856; x_wconf 82' lang='lat' dir='ltr'><strong>und</strong></span> <span class='ocrx_word' id='word_1_322' title='bbox 1690 2813 1960 2865; x_wconf 74' lang='lat' dir='ltr'><strong>Eintmcllt,</strong></span> <span class='ocrx_word' id='word_1_323' title='bbox 2005 2811 2086 2853; x_wconf 81' lang='lat' dir='ltr'><strong>das</strong></span> 
     </span>
    </p>
   </div>
   <div class='ocr_carea' id='block_1_4' title="bbox 464 2883 2086 3001">
    <p class='ocr_par' dir='ltr' id='par_1_6' title="bbox 464 2883 2086 3001">
     <span class='ocr_line' id='line_1_38' title="bbox 464 2883 2086 2937; baseline -0.004 -7"><span class='ocrx_word' id='word_1_324' title='bbox 464 2889 602 2931; x_wconf 78' lang='lat' dir='ltr'><strong>niitze</strong></span> <span class='ocrx_word' id='word_1_325' title='bbox 634 2889 751 2930; x_wconf 85' lang='lat' dir='ltr'><strong>auch</strong></span> <span class='ocrx_word' id='word_1_326' title='bbox 785 2888 867 2930; x_wconf 85' lang='lat' dir='ltr'><strong>der</strong></span> <span class='ocrx_word' id='word_1_327' title='bbox 898 2887 1088 2930; x_wconf 69' lang='lat' dir='ltr'><strong>Kirehe.</strong></span> <span class='ocrx_word' id='word_1_328' title='bbox 1152 2887 1237 2928; x_wconf 71' lang='lat' dir='ltr'><strong>Um</strong></span> <span class='ocrx_word' id='word_1_329' title='bbox 1270 2887 1397 2928; x_wconf 88' lang='lat' dir='ltr'><strong>seine</strong></span> <span class='ocrx_word' id='word_1_330' title='bbox 1429 2886 1649 2937; x_wconf 74' lang='lat' dir='ltr'><strong>Meinung</strong></span> <span class='ocrx_word' id='word_1_331' title='bbox 1679 2885 1795 2926; x_wconf 79' lang='lat' dir='ltr'><strong>iiber</strong></span> <span class='ocrx_word' id='word_1_332' title='bbox 1826 2883 1902 2924; x_wconf 86' lang='lat' dir='ltr'><strong>die</strong></span> <span class='ocrx_word' id='word_1_333' title='bbox 1932 2883 2086 2936; x_wconf 72' lang='lat' dir='ltr'><strong>papst-</strong></span> 
     </span>
     <span class='ocr_line' id='line_1_39' title="bbox 609 2954 1609 3001; baseline -0.004 -10"><span class='ocrx_word' id='word_1_334' title='bbox 609 2957 634 3001; x_wconf 84' lang='lat'><strong>1)</strong></span> <span class='ocrx_word' id='word_1_335' title='bbox 661 2957 733 2991; x_wconf 86' lang='lat' dir='ltr'><strong>Der</strong></span> <span class='ocrx_word' id='word_1_336' title='bbox 758 2957 994 2991; x_wconf 73' lang='lat' dir='ltr'><strong>franzosische</strong></span> <span class='ocrx_word' id='word_1_337' title='bbox 1019 2955 1184 2990; x_wconf 82' lang='lat' dir='ltr'><strong>Kardinal</strong></span> <span class='ocrx_word' id='word_1_338' title='bbox 1208 2956 1313 2990; x_wconf 85' lang='lat' dir='ltr'><strong>Peter</strong></span> <span class='ocrx_word' id='word_1_339' title='bbox 1339 2961 1380 2989; x_wconf 75' lang='lat' dir='ltr'><strong>de</strong></span> <span class='ocrx_word' id='word_1_340' title='bbox 1406 2954 1609 2998; x_wconf 76' lang='lat' dir='ltr'><strong>Arrableyo.</strong></span> 
     </span>
    </p>
   </div>
  </div>
 </body>
</html>
