2296 3512
879 237 1197 277 —865—

226 362 407 405 domino
432 376 550 418 rege.
616 364 730 404 Nam
754 377 807 405 ex
831 376 917 418 quo
942 377 1208 406 veneramus
1233 365 1289 406 ad
1313 364 1462 408 curias
1485 379 1567 421 pro
1592 366 1844 409 assistendo

224 432 312 476 sibi
345 436 388 475 et
434 432 683 485 serviendo,
731 433 777 474 in
825 433 988 488 quibus
1036 447 1285 489 possemus,
1340 449 1429 477 non
1463 436 1633 491 absque
1665 437 1844 492 magnis

223 503 469 554 laboribus,
518 503 775 558 sumptibus
821 507 865 545 et
903 504 1131 559 expensis:
1180 518 1268 547 non
1318 507 1669 561 expectabamus
1706 507 1844 549 talem

224 573 572 616 retribucionem
604 575 660 616 ab
683 573 797 629 ipso,
830 576 880 615 ut
903 587 929 615 a
951 574 1082 617 nobis
1107 575 1307 630 exigeret
1333 576 1392 629 id,
1427 577 1483 618 ad
1512 578 1632 631 quod
1661 577 1845 620 minime

224 644 540 699 obligabamur
585 657 666 686 nec
711 644 767 685 ab
814 644 914 686 aliis
961 645 1183 700 exigebat.
1249 645 1326 688 Set
1374 660 1427 688 ex
1476 661 1562 702 quo
1611 647 1676 690 sic
1716 648 1845 691 ibant

224 714 412 770 negocia
452 717 496 756 et
537 715 657 769 quod
698 714 809 756 talia
857 720 1014 757 contra
1054 728 1135 758 nos
1174 716 1443 771 incipiebat,
1490 719 1608 773 quod
1646 720 1845 761 nondum

223 787 383 828 contra
430 784 626 840 aliquem
675 788 1042 841 attemptaverat,
1088 800 1169 828 nec
1213 800 1294 842 per
1333 787 1482 842 ipsum
1526 789 1656 832 nobis
1702 790 1846 832 honor

223 855 399 898 debitus
427 856 706 908 servabatur,
740 870 839 898 cum
873 857 1019 899 adhuc
1051 858 1108 899 ad
1132 857 1315 913 aliquod
1349 858 1585 901 consilium
1608 874 1688 902 nec
1721 864 1838 902 trac-

222 928 367 968 tatum
412 940 493 982 per
538 940 638 968 eum
681 926 922 970 fuissemus
965 928 1152 971 admissi
1200 942 1282 970 nec
1319 929 1487 971 vocati:
1536 930 1697 973 melius
1743 935 1842 973 erat

221 997 351 1040 nobis
373 998 582 1039 recedere
607 1011 742 1053 quam
764 1011 1007 1053 personam
1035 1004 1078 1040 et
1100 999 1219 1041 bona
1243 1012 1505 1042 consumere
1532 1001 1597 1042 sic
1618 1001 1841 1044 inutiliter

222 1068 319 1111 sine
339 1068 503 1120 fructu,
537 1068 794 1120 adicientes,
830 1070 949 1124 quod
981 1069 1094 1111 bene
1125 1069 1404 1123 videbamus,
1439 1071 1556 1113 unde
1582 1072 1662 1113 hec
1689 1076 1840 1115 ortum

220 1139 452 1181 haberent.
521 1140 593 1182 Ad
639 1154 724 1196 que
763 1140 971 1183 dominus
1003 1140 1235 1183 Johannes
1279 1141 1411 1183 dixit:
1462 1140 1510 1183 Si
1544 1143 1839 1187 credebamus

221 1223 374 1265 regem
417 1223 554 1266 super
597 1210 684 1253 hiis
731 1224 812 1266 per
857 1225 958 1253 eum
998 1211 1296 1254 informatum
1342 1211 1508 1255 fuisse?
1572 1212 1703 1267 Quod
1742 1228 1843 1256 cum

221 1280 600 1324 concessissemus
642 1282 823 1323 credere
860 1282 925 1323 ita
964 1295 1082 1333 esse,
1128 1296 1237 1324 voce
1271 1282 1459 1335 elevata,
1505 1283 1630 1326 vultu
1663 1285 1845 1327 turbido

222 1355 267 1393 et
307 1351 523 1394 iracundo
578 1352 660 1394 ait:
709 1353 1085 1409 Archiepiscope,
1135 1353 1352 1407 credatis,
1402 1355 1521 1409 quod
1568 1368 1705 1410 super
1758 1356 1845 1398 hiis

223 1435 375 1477 regem
418 1422 662 1465 informavi
701 1426 744 1464 et
777 1427 997 1478 quantum
1040 1427 1213 1480 potero,
1260 1424 1517 1468 informabo
1566 1429 1610 1468 et
1654 1426 1753 1468 dico
1802 1431 1844 1469 et

223 1492 372 1534 dicam
395 1493 441 1535 in
463 1495 694 1549 presentia
718 1493 914 1537 Castelle
939 1498 982 1537 et
1002 1495 1229 1550 Legionis,
1257 1508 1337 1538 vos
1360 1495 1607 1537 maximam
1634 1495 1847 1539 iniuriam

223 1563 321 1619 regi
362 1568 405 1606 et
448 1564 584 1606 michi
628 1565 806 1607 fecisse!
871 1565 965 1608 Nos
1008 1565 1172 1620 enimd)
1208 1566 1302 1609 eius
1346 1566 1634 1621 iniquitatem
1666 1567 1846 1623 prospi-

225 1634 392 1678 cientes
426 1634 687 1691 aliqualiter
717 1635 975 1692 perturbati
1008 1636 1224 1679 diximus:
1260 1650 1343 1680 nos
1369 1651 1601 1693 nunquam
1633 1638 1846 1680 iniuriam

223 1706 322 1761 regi
348 1720 429 1748 nec
450 1706 537 1749 sibi
568 1706 747 1759 fecisse;
781 1712 850 1750 set
872 1707 970 1763 ipse
991 1707 1208 1750 iniuriam
1240 1708 1338 1763 regi
1358 1708 1540 1761 fecerat,
1576 1708 1652 1764 qui
1675 1713 1845 1751 terram

224 1777 344 1832 regis
373 1778 704 1830 devastaverat,
738 1782 787 1820 ut
819 1792 900 1834 per
928 1779 1134 1821 effectum
1168 1779 1368 1834 patebat.
1432 1780 1553 1822 Tunc
1584 1779 1681 1835 ipse
1709 1780 1845 1823 dixit:

227 1849 358 1903 quod,
405 1848 657 1903 quicunque
698 1849 809 1891 talia
853 1849 1035 1901 diceret,
1085 1851 1406 1892 menciebatur.
1476 1851 1568 1892 Nos
1616 1864 1723 1893 vero
1766 1851 1845 1893 hec

226 1919 458 1962 audientes
474 1924 516 1962 et
535 1933 634 1961 cum
650 1920 914 1962 turbacione
930 1924 1166 1976 surgentes
1182 1922 1389 1963 recedere
1406 1921 1767 1977 [decrevi]mus0)
1787 1956 1794 1962 .
1814 1956 1821 1963 .
1837 1956 1844 1963 .

225 1988 439 2044 Sequenti
495 2003 599 2032 vero
657 1991 746 2043 die,
808 2005 892 2046 que
949 1992 1034 2033 fuit
1086 1992 1173 2033 XX
1225 1992 1319 2034 dies
1372 1992 1603 2045 Octobris,
1659 1993 1846 2035 consilio

225 2060 381 2102 habito
450 2060 655 2116 diligenti
729 2062 785 2103 ad
849 2076 1001 2117 regem
1065 2062 1336 2106 accessimus
1399 2066 1442 2104 et
1504 2063 1549 2104 in
1611 2064 1847 2118 presencia

225 2144 309 2173 sua
362 2131 650 2174 multitudine
704 2133 927 2174 baronum
984 2137 1027 2175 et
1078 2133 1312 2188 militumf)
1360 2168 1367 2175 .
1407 2168 1414 2175 .
1453 2167 1460 2175 .
1513 2134 1721 2177 dominus
1768 2134 1846 2176 Jo-

224 2202 397 2243 hannes
438 2202 727 2245 Emanuhelis
772 2203 1112 2259 vituperaverat
1154 2217 1242 2246 non
1286 2217 1367 2246 nos
1412 2207 1481 2247 set
1513 2205 1670 2257 Deum,
1719 2206 1844 2248 cuius

225 2272 422 2314 vicarius
455 2286 622 2316 sumus.
670 2274 1030 2316 Inhonoraverat
1063 2275 1199 2317 etiam
1232 2275 1401 2318 dictum
1425 2275 1655 2318 dominum
1678 2290 1844 2331 regem,

225 2343 271 2385 in
314 2343 438 2385 cuius
478 2344 777 2399 pres[encia³)
818 2379 825 2386 .
863 2378 870 2386 .
906 2346 934 2400 .]
979 2346 1426 2401 cons[angui]nitatis
1475 2348 1621 2402 gradu
1669 2347 1847 2390 astricti

227 2427 420 2465 eramus,
455 2428 589 2469 quam
622 2414 718 2470 ipse
751 2418 869 2458 esset
901 2418 945 2457 et
978 2417 1035 2458 ad
1068 2417 1194 2459 cuius
1227 2417 1466 2459 servicium
1502 2419 1558 2459 ad
1591 2418 1740 2460 curias
1773 2432 1847 2460 ve-

225 2498 458 2535 neramus3
482 2485 821 2540 vituperaverat
844 2486 978 2529 etiam
1011 2490 1156 2529 totam
1190 2489 1373 2530 domum
1404 2489 1636 2544 Aragonie
1668 2489 1714 2530 in
1745 2503 1846 2544 per-

227 2555 404 2610 son[am
437 2556 673 2610 no]stram.
739 2555 817 2598 Set
849 2557 955 2612 quia
998 2558 1203 2612 prelatus
1237 2562 1281 2601 et
1312 2572 1507 2615 persona
1540 2560 1847 2602 ecclesiastica

226 2640 422 2678 eramus,
454 2626 544 2669 ista
576 2626 840 2669 volebamus
872 2628 1103 2682 pacienter
1137 2629 1346 2682 tolerare,
1379 2644 1485 2672 nam
1518 2630 1556 2673 si
1588 2630 1743 2685 laycus
1775 2630 1846 2672 vel

227 2697 445 2740 secularis
491 2711 705 2748 essemus,
751 2698 883 2740 aliter
927 2712 1009 2741 nos
1051 2699 1337 2743 haberemus!
1402 2702 1459 2742 Et
1490 2704 1541 2743 ut
1572 2701 1747 2756 plenius
1779 2701 1845 2743 in-

227 2768 552 2823 gratitudinem
588 2768 695 2810 dicti
728 2768 898 2810 domini
931 2769 1185 2824 [Johan]nis
1214 2778 1548 2826 congnosceret,
1582 2771 1844 2814 volebamus

227 2839 315 2881 sibi
348 2839 514 2894 aliqua,
561 2853 645 2894 que
680 2840 797 2894 [pro]
833 2839 920 2894 e[o]
956 2839 1226 2893 feceramus,
1268 2855 1475 2894 narrare,
1520 2845 1562 2883 et
1595 2842 1757 2897 quibus
1792 2844 1844 2884 de

369 2933 398 2973 d)
425 2932 468 2967 So
494 2936 576 2966 statt
602 2933 742 2966 autem?
787 2940 815 2975 ρ)
844 2933 930 2966 Vom
957 2932 1144 2977 folgenden
1173 2934 1273 2968 Satze
1299 2935 1342 2969 ist
1369 2947 1410 2968 zu
1437 2934 1547 2968 lesen:
1574 2935 1648 2968 Rex
1677 2946 1757 2969 vero
1783 2946 1845 2969 nos

225 3001 290 3034 per
316 3020 323 3027 .
350 3017 358 3026 .
387 3019 393 3026 .
420 3003 463 3036 pe
488 2992 597 3036 gremi
626 3020 632 3026 .
661 3019 667 3025 .
697 3019 702 3025 .
734 2992 846 3026 tinuit.
898 2991 921 3035 f)
948 2992 1043 3026 Zehn
1069 2992 1212 3027 W'orter
1235 2993 1356 3027 fehlen
1381 2993 1562 3038 ungefahr.

369 3074 485 3101 Finke
497 3095 501 3106 ‚
523 3075 597 3101 Acta
617 3074 822 3106 Aragonensia.
1661 3065 1704 3098 55
