2296 3512
952 220 1270 259 —861—

294 348 370 389 est
394 345 631 388 concilium
654 346 934 400 prelatorum
957 350 1001 387 et
1024 345 1132 387 cleri
1154 360 1232 389 sue
1254 347 1483 401 provincie
1506 360 1587 401 pro
1615 347 1918 390 subveniendo

301 416 430 459 nobis
469 429 552 471 pro
585 417 771 472 negocio
806 416 1128 471 adquisicionis
1276 416 1519 473 [Sardinie]
1556 421 1599 459 et
1630 417 1917 468 intendimus,

292 487 434 541 quod,
457 486 497 529 si
513 500 593 529 vos
620 500 805 541 presens
829 486 1001 538 essetis,
1025 487 1131 528 dum
1155 487 1323 529 dictum
1343 488 1644 530 celebrabitur
1667 487 1918 540 concilium,

300 557 487 612 negocia
523 556 624 611 ipsa
656 558 713 599 ad
745 557 891 600 nostri
922 557 1139 599 honorem
1175 561 1218 599 et
1250 558 1493 600 utilitatem
1528 558 1750 600 dictorum
1784 571 1919 614 nego-

291 626 471 669 ·ciorum
503 627 678 670 felicius
712 627 1043 682 expedirentur.
1108 626 1270 682 Sicque
1294 642 1374 682 pro
1398 629 1515 670 bono
1539 629 1821 680 haberemus,
1855 632 1917 679 ut,

299 697 338 740 si
370 700 516 740 status
550 711 739 753 persone
772 700 920 740 vestre
954 700 998 739 et
1029 698 1246 753 temporis
1281 698 1500 741 amenitas
1532 699 1616 741 hoc
1639 699 1918 751 sustinuerit,

290 769 356 810 *ad
389 768 619 810 civitatem
653 769 847 811 Dertuse
880 781 960 810 vos
994 768 1197 810 debeatis
1231 768 1435 810 conferre
1469 772 1512 811 et
1534 770 1700 812 ibidem
1723 783 1803 824 per
1825 770 1919 812 dies
1946 797 1955 803 -

289 838 475 894 aliquos
517 839 797 894 requiescere
839 841 883 881 et
921 839 1079 881 deinde
1122 839 1355 893 explorata
1398 840 1487 892 die,
1531 854 1619 895 qua
1651 841 1818 882 dictum
1854 841 1918 883 in-

296 909 478 951 choavit
511 909 762 961 concilium,
796 909 951 951 taliter
983 909 1207 960 ordinare,
1253 912 1300 951 ut
1333 910 1433 952 sitis
1466 910 1511 952 in
1545 910 1727 952 civitate
1759 911 1918 953 Terra-

297 979 511 1022 chonensi
552 980 748 1023 secunda
793 980 863 1022 vel
896 980 1037 1022 tercia
1071 979 1155 1032 die,
1198 983 1441 1036 postquam
1486 980 1745 1023 inchoatum
1784 982 1919 1024 fuerit

294 1050 445 1104 ipsum
479 1050 731 1103 concilium,
766 1054 810 1093 et
842 1051 1164 1107 requiescendo
1197 1051 1243 1092 in
1276 1051 1460 1093 civitate
1486 1051 1587 1105 ipsa
1609 1052 1815 1105 poteritis
1839 1066 1919 1107 per

297 1122 500 1173 modum,
545 1134 632 1176 quo
676 1134 759 1163 vos
800 1123 997 1173 deceret,
1041 1121 1430 1176 archiepiscopum
1464 1125 1507 1164 et
1539 1121 1652 1164 alios
1685 1135 1766 1176 pro
1800 1123 1917 1165 dicto

297 1191 485 1233 concilio
519 1195 818 1247 congregatos
852 1193 909 1234 ad
932 1195 1089 1234 nostra
1122 1226 1130 1233 .
1157 1226 1165 1233 .
1191 1193 1246 1247 .³)
1281 1192 1474 1236 servicia
1495 1192 1712 1249 ipsosque
1735 1194 1792 1235 ad
1815 1194 1919 1236 sub-

296 1262 562 1305 veniendum
607 1263 736 1306 nobis
776 1263 987 1305 inducere
1030 1266 1074 1305 et
1116 1263 1250 1305 etiam
1286 1263 1651 1318 archiepiscopus
1686 1267 1729 1305 et
1763 1264 1918 1306 suffra-

286 1333 429 1388 ganei
467 1334 590 1387 ...Ὁ
632 1333 897 1376 visitacione
940 1337 982 1376 et
1023 1333 1337 1376 familiaritate
1375 1336 1529 1377 vestra
1562 1335 1919 1376 consolabuntur

297 1406 340 1445 et
370 1404 707 1446 recreabuntur.
772 1405 916 1447 Debet
948 1405 1077 1448 vobis
1108 1405 1301 1460 placere,
1335 1405 1413 1457 fili⁷
1447 1408 1497 1446 ut
1519 1405 1683 1459 prelati
1707 1408 1750 1448 et
1772 1406 1918 1448 clerus

294 1474 427 1517 huius
459 1474 688 1529 provincie
719 1474 952 1518 vobiscum
984 1474 1344 1517 familiaritatem
1377 1475 1576 1517 habeant
1609 1479 1652 1517 et
1684 1489 1833 1519 mores
1867 1489 1919 1518 ac

297 1545 435 1587 vitam
467 1548 666 1588 vestram
700 1549 962 1600 agnoscant.
1025 1546 1082 1588 Et
1105 1546 1144 1589 si
1168 1559 1249 1589 nos
1272 1546 1548 1589 intersumus
1572 1546 1691 1588 dicto
1715 1547 1917 1599 consilio,

285 1617 415 1671 <quod
461 1618 612 1658 tamen
658 1617 859 1658 nondum
908 1616 1270 1669 deliberavimus,
1325 1620 1432 1660 tunc
1475 1617 1587 1659 inibi
1633 1630 1715 1660 nos
1764 1617 1918 1660 videre

293 1686 514 1741 poteritis.
578 1686 656 1730 Sin
690 1690 860 1739 autem,
895 1689 952 1730 ad
986 1688 1215 1730 civitatem
1249 1688 1603 1731 Barchinonsem
1636 1688 1764 1731 finito
1797 1689 1917 1730 dicto

294 1757 482 1799 concilio
515 1757 724 1813 poteritis
747 1771 827 1801 vos
860 1758 1121 1811 transferre,
1155 1759 1233 1801 ubi
1266 1772 1348 1802 nos
1380 1759 1515 1801 dante
1538 1758 1634 1801 Deo
1658 1758 1915 1811 invenietis,

283 1830 338 1869 ·et
368 1828 414 1870 in
446 1828 617 1871 visione
650 1832 807 1871 nostra
840 1829 1163 1884 adimplebitur
1194 1829 1467 1871 desiderium
1500 1829 1664 1872 mentis
1687 1832 1837 1872 vestre
1872 1832 1915 1872 et

294 1911 376 1942 nos
406 1898 453 1941 in
488 1899 612 1942 vobis
645 1900 938 1943 recreationis
969 1902 1013 1942 et
1038 1900 1334 1943 iucunditatis
1357 1900 1596 1942 materiam
1621 1913 1916 1943 assumemus.

294 1969 575 2012 Barchinone
607 1970 751 2025 pridie
777 1970 878 2013 idus
896 1970 1155 2014 Decembris
1179 1983 1296 2013 anno
1321 1970 1491 2013 domini
1513 1968 1673 2013 MCCG
1695 1971 1916 2026 vigesimo

295 2039 447 2082 tercio.

436 2109 519 2154 Reg.
546 2109 614 2145 248
640 2111 665 2146 f.
693 2112 773 2145 74v.

286 2241 394 2282 542.
429 2239 624 2295 Supplik
657 2243 785 2284 eines
806 2242 957 2286 Juden
990 2254 1138 2296 gegen
1171 2243 1252 2286 das
1275 2243 1520 2297 Vol-gehen
1553 2245 1680 2286 eines
1709 2243 1917 2287 Gauners

458 2313 508 2353 in
540 2312 843 2366 Vel-bilidung
874 2314 964 2355 mit
995 2313 1078 2356 der
1109 2315 1410 2367 Inquisition.
1473 2315 1580 2369 (Um
1615 2314 1761 2369 1324.)

435 2392 524 2426 Jude
551 2393 697 2427 Hochon
729 2404 789 2427 aus
815 2393 1005 2438 Calatayud
1037 2394 1223 2429 berichtet:
1266 2396 1308 2429 ln
1333 2395 1370 2432 C.
1402 2396 1475 2441 gibt
1512 2407 1549 2430 es
1588 2396 1690 2431 einen
1716 2407 1915 2440 conversus,

294 2452 447 2494 genannt
473 2451 616 2494 Remon,
647 2452 709 2485 der
733 2452 879 2486 viermal
903 2453 1039 2497 getauft
1063 2453 1117 2495 ist,
1150 2454 1220 2488 und
1246 2454 1310 2488 mit
1334 2465 1473 2499 grosser
1497 2454 1699 2489 Schlauheit
1722 2465 1834 2499 gegen
1860 2455 1915 2488 die

280 2509 408 2543 ..Juden
434 2509 589 2553 vorgeht.
631 2510 680 2544 Er
704 2510 881 2555 verlangte
906 2522 987 2545 vom
1006 2511 1191 2546 Schreiber
1216 2513 1251 2546 X
1276 2512 1381 2547 libras
1399 2514 1495 2548 Jacc.
1536 2513 1584 2546 W
1586 2524 1654 2547 01111
1681 2524 1720 2547 er
1745 2514 1794 2548 sie
1820 2513 1917 2547 nicht

295 2567 437 2610 erhalte‚
477 2568 589 2603 werde
616 2580 653 2602 er
678 2568 738 2602 ihn
764 2570 826 2602 der
850 2570 1057 2614 lnquisition
1094 2571 1270 2616 anzeigen.
1319 2572 1468 2606 Hochon
1505 2572 1630 2616 sprach
1667 2572 1730 2606 mit
1756 2572 1823 2606 den
1850 2571 1915 2605 Be-

294 2628 420 2669 amten,
453 2626 508 2661 die
534 2627 604 2661 ihm
631 2628 742 2662 rieten
767 2628 880 2662 nichts
906 2640 949 2662 zu
973 2629 1096 2672 geben,
1128 2630 1199 2664 und
1224 2641 1261 2664 so
1286 2631 1405 2665 wurde
1438 2642 1477 2665 er
1502 2631 1707 2665 denunziert
1738 2632 1809 2665 und
1842 2641 1915 2665 sass

284 2684 433 2730 ‘langere
459 2686 534 2720 Zeit
569 2687 751 2731 gesangen.
802 2686 982 2721 Wahrend
1008 2688 1068 2722 des
1093 2688 1172 2722 kam
1197 2689 1332 2723 Remon
1370 2701 1413 2724 zu
1438 2690 1554 2724 seiner
1579 2690 1671 2724 Fran
1708 2690 1779 2724 und
1804 2692 1913 2734 sagte:

283 2744 329 2779 ‘si
354 2746 393 2778 tu
417 2745 547 2779 marido
579 2756 634 2779 me
659 2745 792 2779 aviesse
817 2745 903 2779 dado
929 2745 979 2780 las
1004 2746 1039 2780 X
1065 2746 1180 2789 libras,
1212 2747 1292 2792 quel
1318 2748 1499 2790 demande,
1532 2759 1575 2782 110
1602 2748 1691 2782 seria
1718 2759 1762 2782 en
1789 2750 1822 2782 10
1849 2758 1914 2792 que

282 2814 341 2838 es.
390 2803 477 2838 Pero
502 2804 528 2838 si
555 2806 594 2838 tu
618 2803 668 2838 las
693 2815 748 2838 me
774 2804 911 2848 quieres
937 2805 1008 2847 dar,
1035 2816 1078 2849 yo
1104 2805 1135 2839 10
1161 2806 1236 2840 fare
1262 2806 1369 2841 soltar
1394 2808 1436 2841 de
1462 2806 1493 2841 lo
1520 2817 1655 2851 preson⁷
1683 2807 1752 2841 assi
1779 2818 1913 2841 commo

283 2862 326 2896 ,10
352 2862 401 2895 fiz
428 2863 588 2906 prender.
631 2863 748 2897 Sofort
772 2862 1016 2907 verpflichtete
1042 2863 1116 2898 sich
1142 2864 1196 2898 die
1214 2865 1305 2899 Frau
1331 2866 1400 2901 200
1417 2865 1477 2899 sol.
1504 2876 1548 2899 zu
1572 2865 1699 2909 geben3
1725 2866 1779 2899 die
1797 2865 1913 2899 Halfte

365 2933 416 2960 541
437 2937 466 2977 a)
497 2933 575 2967 Von
601 2932 786 2977 folgenden
812 2933 897 2967 zwei
923 2933 1090 2968 Wortern
1114 2934 1229 2969 nichts
1255 2947 1299 2969 zu
1323 2935 1430 2970 lesen.
1522 2936 1552 2979 b)
1584 2936 1699 2970 Liicke
1737 2947 1803 2970 von
1841 2935 1913 2969 drei

287 2990 473 3027 ''W'ortern
