<?xml version="1.0" encoding="UTF-8"?>
<!DOCTYPE html PUBLIC "-//W3C//DTD XHTML 1.0 Transitional//EN"
    "http://www.w3.org/TR/xhtml1/DTD/xhtml1-transitional.dtd">
<html xmlns="http://www.w3.org/1999/xhtml" xml:lang="en" lang="en">
 <head>
  <title>
</title>
<meta http-equiv="Content-Type" content="text/html;charset=utf-8" />
  <meta name='ocr-system' content='tesseract 3.04.00' />
  <meta name='ocr-capabilities' content='ocr_page ocr_carea ocr_par ocr_line ocrx_word'/>
</head>
<body>
  <div class='ocr_page' id='page_1' title='image "./actaaragonensiaq02finkuoft_0097.png"; bbox 0 0 2296 3512; ppageno 0'>
   <div class='ocr_carea' id='block_1_1' title="bbox 905 212 1225 252">
    <p class='ocr_par' dir='ltr' id='par_1_1' title="bbox 905 212 1225 252">
     <span class='ocr_line' id='line_1_1' title="bbox 905 212 1225 252; baseline 0.013 -2"><span class='ocrx_word' id='word_1_1' title='bbox 905 212 1225 252; x_wconf 84' lang='lat'>—601—</span> 
     </span>
    </p>
   </div>
   <div class='ocr_carea' id='block_1_2' title="bbox 252 333 1875 675">
    <p class='ocr_par' dir='ltr' id='par_1_2' title="bbox 252 333 1875 675">
     <span class='ocr_line' id='line_1_2' title="bbox 256 333 1875 403; baseline 0.013 -32"><span class='ocrx_word' id='word_1_2' title='bbox 256 333 444 386; x_wconf 89' lang='lat' dir='ltr'>propter</span> <span class='ocrx_word' id='word_1_3' title='bbox 475 333 594 387; x_wconf 91' lang='lat' dir='ltr'>quod</span> <span class='ocrx_word' id='word_1_4' title='bbox 628 334 684 375; x_wconf 85' lang='lat' dir='ltr'>ad</span> <span class='ocrx_word' id='word_1_5' title='bbox 717 335 876 378; x_wconf 86' lang='lat' dir='ltr'>talium</span> <span class='ocrx_word' id='word_1_6' title='bbox 909 339 1166 382; x_wconf 79' lang='lat' dir='ltr'>vecordiam</span> <span class='ocrx_word' id='word_1_7' title='bbox 1192 343 1527 397; x_wconf 83' lang='lat' dir='ltr'>reprimendam</span> <span class='ocrx_word' id='word_1_8' title='bbox 1560 347 1742 403; x_wconf 82' lang='lat' dir='ltr'>expedit</span> <span class='ocrx_word' id='word_1_9' title='bbox 1774 362 1875 392; x_wconf 87' lang='lat' dir='ltr'>cum</span> 
     </span>
     <span class='ocr_line' id='line_1_3' title="bbox 255 401 1875 473; baseline 0.014 -32"><span class='ocrx_word' id='word_1_10' title='bbox 255 401 466 456; x_wconf 83' lang='lat' dir='ltr'>prudenti</span> <span class='ocrx_word' id='word_1_11' title='bbox 506 405 767 446; x_wconf 79' lang='lat' dir='ltr'>constancia</span> <span class='ocrx_word' id='word_1_12' title='bbox 804 409 1078 462; x_wconf 87' lang='lat' dir='ltr'>respondere</span> <span class='ocrx_word' id='word_1_13' title='bbox 1113 444 1120 451; x_wconf 92' lang='lat'>.</span> <span class='ocrx_word' id='word_1_14' title='bbox 1157 445 1164 452; x_wconf 95' lang='lat'>.</span> <span class='ocrx_word' id='word_1_15' title='bbox 1200 446 1208 453; x_wconf 93' lang='lat'>.</span> <span class='ocrx_word' id='word_1_16' title='bbox 1243 413 1341 457; x_wconf 86' lang='lat' dir='ltr'>Has</span> <span class='ocrx_word' id='word_1_17' title='bbox 1373 415 1566 470; x_wconf 79' lang='lat' dir='ltr'>litteras,</span> <span class='ocrx_word' id='word_1_18' title='bbox 1611 432 1725 473; x_wconf 85' lang='lat' dir='ltr'>quas</span> <span class='ocrx_word' id='word_1_19' title='bbox 1759 419 1875 463; x_wconf 86' lang='lat' dir='ltr'>alius</span> 
     </span>
     <span class='ocr_line' id='line_1_4' title="bbox 256 473 1873 544; baseline 0.014 -32"><span class='ocrx_word' id='word_1_20' title='bbox 256 484 437 514; x_wconf 89' lang='lat' dir='ltr'>curssor</span> <span class='ocrx_word' id='word_1_21' title='bbox 481 473 611 516; x_wconf 89' lang='lat' dir='ltr'>nobis</span> <span class='ocrx_word' id='word_1_22' title='bbox 666 476 881 530; x_wconf 84' lang='lat' dir='ltr'>portavit,</span> <span class='ocrx_word' id='word_1_23' title='bbox 925 491 1010 533; x_wconf 90' lang='lat' dir='ltr'>que</span> <span class='ocrx_word' id='word_1_24' title='bbox 1056 483 1251 536; x_wconf 83' lang='lat' dir='ltr'>tangunt</span> <span class='ocrx_word' id='word_1_25' title='bbox 1294 487 1533 529; x_wconf 81' lang='lat' dir='ltr'>materiam</span> <span class='ocrx_word' id='word_1_26' title='bbox 1581 491 1873 544; x_wconf 80' lang='lat' dir='ltr'>tractatuum,</span> 
     </span>
     <span class='ocr_line' id='line_1_5' title="bbox 253 543 1872 615; baseline 0.014 -32"><span class='ocrx_word' id='word_1_27' title='bbox 253 543 624 597; x_wconf 83' lang='lat' dir='ltr'>respondebimus</span> <span class='ocrx_word' id='word_1_28' title='bbox 648 558 730 600; x_wconf 91' lang='lat' dir='ltr'>per</span> <span class='ocrx_word' id='word_1_29' title='bbox 752 548 941 590; x_wconf 88' lang='lat' dir='ltr'>eundem</span> <span class='ocrx_word' id='word_1_30' title='bbox 968 551 1176 593; x_wconf 89' lang='lat' dir='ltr'>nuntium</span> <span class='ocrx_word' id='word_1_31' title='bbox 1203 553 1420 608; x_wconf 81' lang='lat' dir='ltr'>celeriter,</span> <span class='ocrx_word' id='word_1_32' title='bbox 1446 571 1579 613; x_wconf 88' lang='lat' dir='ltr'>quem</span> <span class='ocrx_word' id='word_1_33' title='bbox 1604 560 1872 615; x_wconf 88' lang='lat' dir='ltr'>remitimus,</span> 
     </span>
     <span class='ocr_line' id='line_1_6' title="bbox 252 613 1873 675; baseline 0.014 -21"><span class='ocrx_word' id='word_1_34' title='bbox 252 615 301 654; x_wconf 88' lang='lat' dir='ltr'>ut</span> <span class='ocrx_word' id='word_1_35' title='bbox 344 613 585 668; x_wconf 87' lang='lat' dir='ltr'>possimus,</span> <span class='ocrx_word' id='word_1_36' title='bbox 628 615 806 671; x_wconf 88' lang='lat' dir='ltr'>plenius</span> <span class='ocrx_word' id='word_1_37' title='bbox 838 621 1125 675; x_wconf 90' lang='lat' dir='ltr'>respondere.</span> <span class='ocrx_word' id='word_1_38' title='bbox 1189 623 1293 666; x_wconf 84' lang='lat' dir='ltr'>Dat.</span> <span class='ocrx_word' id='word_1_39' title='bbox 1337 627 1561 671; x_wconf 87' lang='lat' dir='ltr'>Auinione</span> <span class='ocrx_word' id='word_1_40' title='bbox 1601 631 1672 672; x_wconf 89' lang='lat' dir='ltr'>die</span> <span class='ocrx_word' id='word_1_41' title='bbox 1711 631 1873 674; x_wconf 85' lang='lat' dir='ltr'>ultima</span> 
     </span>
    </p>
   </div>
   <div class='ocr_carea' id='block_1_3' title="bbox 249 682 1871 864">
    <p class='ocr_par' dir='ltr' id='par_1_3' title="bbox 249 682 1871 864">
     <span class='ocr_line' id='line_1_7' title="bbox 251 682 743 740; baseline 0.01 -16"><span class='ocrx_word' id='word_1_42' title='bbox 251 683 418 725; x_wconf 84' lang='lat' dir='ltr'>mensis</span> <span class='ocrx_word' id='word_1_43' title='bbox 451 682 743 740; x_wconf 85' lang='lat' dir='ltr'>Septembris.</span> 
     </span>
     <span class='ocr_line' id='line_1_8' title="bbox 391 752 1871 813; baseline 0.014 -26"><span class='ocrx_word' id='word_1_44' title='bbox 391 752 481 788; x_wconf 75' lang='lat' dir='ltr'>CRD</span> <span class='ocrx_word' id='word_1_45' title='bbox 519 756 622 789; x_wconf 83' lang='lat'>4137.</span> <span class='ocrx_word' id='word_1_46' title='bbox 674 756 732 791; x_wconf 89' lang='lat' dir='ltr'>Or.</span> <span class='ocrx_word' id='word_1_47' title='bbox 772 757 854 802; x_wconf 85' lang='lat' dir='ltr'>Pap.</span> <span class='ocrx_word' id='word_1_48' title='bbox 881 758 956 803; x_wconf 85' lang='lat' dir='ltr'>Ssp.</span> <span class='ocrx_word' id='word_1_49' title='bbox 1007 761 1078 795; x_wconf 90' lang='lat' dir='ltr'>Der</span> <span class='ocrx_word' id='word_1_50' title='bbox 1105 762 1218 807; x_wconf 76' lang='lat' dir='ltr'>Konig</span> <span class='ocrx_word' id='word_1_51' title='bbox 1254 767 1460 802; x_wconf 81' lang='lat' dir='ltr'>antwortete</span> <span class='ocrx_word' id='word_1_52' title='bbox 1500 770 1742 813; x_wconf 82' lang='lat' dir='ltr'>zustimmend,</span> <span class='ocrx_word' id='word_1_53' title='bbox 1781 773 1871 807; x_wconf 90' lang='lat' dir='ltr'>ohne</span> 
     </span>
     <span class='ocr_line' id='line_1_9' title="bbox 249 812 1376 864; baseline 0.013 -21"><span class='ocrx_word' id='word_1_54' title='bbox 249 821 357 845; x_wconf 86' lang='lat' dir='ltr'>neues</span> <span class='ocrx_word' id='word_1_55' title='bbox 383 823 426 845; x_wconf 89' lang='lat' dir='ltr'>zu</span> <span class='ocrx_word' id='word_1_56' title='bbox 453 812 639 857; x_wconf 80' lang='lat' dir='ltr'>beriihren,</span> <span class='ocrx_word' id='word_1_57' title='bbox 666 825 722 849; x_wconf 82' lang='lat' dir='ltr'>am</span> <span class='ocrx_word' id='word_1_58' title='bbox 751 815 804 850; x_wconf 88' lang='grc'>16.</span> <span class='ocrx_word' id='word_1_59' title='bbox 832 817 990 853; x_wconf 82' lang='lat' dir='ltr'>October.</span> <span class='ocrx_word' id='word_1_60' title='bbox 1041 820 1125 864; x_wconf 81' lang='lat' dir='ltr'>Reg.</span> <span class='ocrx_word' id='word_1_61' title='bbox 1152 822 1218 855; x_wconf 82' lang='lat'>341</span> <span class='ocrx_word' id='word_1_62' title='bbox 1246 824 1270 859; x_wconf 81' lang='lat' dir='ltr'>f.</span> <span class='ocrx_word' id='word_1_63' title='bbox 1300 824 1376 858; x_wconf 83' lang='lat'>165.</span> 
     </span>
    </p>
   </div>
   <div class='ocr_carea' id='block_1_4' title="bbox 224 917 1870 2911">
    <p class='ocr_par' dir='ltr' id='par_1_4' title="bbox 239 917 1870 1479">
     <span class='ocr_line' id='line_1_10' title="bbox 247 917 1870 981; baseline 0.014 -23"><span class='ocrx_word' id='word_1_64' title='bbox 247 917 344 960; x_wconf 83' lang='lat'>384.</span> <span class='ocrx_word' id='word_1_65' title='bbox 378 918 611 973; x_wconf 84' lang='lat' dir='ltr'>Napoleon</span> <span class='ocrx_word' id='word_1_66' title='bbox 645 921 802 965; x_wconf 84' lang='lat' dir='ltr'>Orsini</span> <span class='ocrx_word' id='word_1_67' title='bbox 846 937 904 966; x_wconf 84' lang='lat' dir='ltr'>an</span> <span class='ocrx_word' id='word_1_68' title='bbox 944 926 1106 981; x_wconf 71' lang='lat' dir='ltr'>Jayme</span> <span class='ocrx_word' id='word_1_69' title='bbox 1137 929 1225 971; x_wconf 86' lang='lat'>11.:</span> <span class='ocrx_word' id='word_1_70' title='bbox 1271 930 1347 973; x_wconf 84' lang='lat' dir='ltr'>die</span> <span class='ocrx_word' id='word_1_71' title='bbox 1378 931 1575 976; x_wconf 83' lang='lat' dir='ltr'>Pisaner</span> <span class='ocrx_word' id='word_1_72' title='bbox 1607 934 1870 981; x_wconf 82' lang='lat' dir='ltr'>Gesandten</span> 
     </span>
     <span class='ocr_line' id='line_1_11' title="bbox 244 988 1868 1059; baseline 0.014 -30"><span class='ocrx_word' id='word_1_73' title='bbox 244 988 327 1030; x_wconf 92' lang='lat' dir='ltr'>tun</span> <span class='ocrx_word' id='word_1_74' title='bbox 358 989 586 1033; x_wconf 87' lang='lat' dir='ltr'>inbetreff</span> <span class='ocrx_word' id='word_1_75' title='bbox 613 992 696 1034; x_wconf 85' lang='lat' dir='ltr'>der</span> <span class='ocrx_word' id='word_1_76' title='bbox 717 994 1328 1054; x_wconf 82' lang='lat' dir='ltr'>Friedensverhandlungen</span> <span class='ocrx_word' id='word_1_77' title='bbox 1358 1004 1479 1045; x_wconf 84' lang='lat' dir='ltr'>noch</span> <span class='ocrx_word' id='word_1_78' title='bbox 1511 1015 1562 1046; x_wconf 89' lang='grc'><strong>50</strong></span> <span class='ocrx_word' id='word_1_79' title='bbox 1594 1006 1729 1059; x_wconf 79' lang='grc'><strong>110611,</strong></span> <span class='ocrx_word' id='word_1_80' title='bbox 1763 1008 1868 1051; x_wconf 84' lang='lat' dir='ltr'>dass</span> 
     </span>
     <span class='ocr_line' id='line_1_12' title="bbox 243 1059 1868 1122; baseline 0.014 -23"><span class='ocrx_word' id='word_1_81' title='bbox 243 1059 399 1101; x_wconf 91' lang='lat' dir='ltr'>nichts</span> <span class='ocrx_word' id='word_1_82' title='bbox 447 1061 538 1104; x_wconf 88' lang='lat' dir='ltr'>mit</span> <span class='ocrx_word' id='word_1_83' title='bbox 584 1063 728 1106; x_wconf 83' lang='lat' dir='ltr'>ihnen</span> <span class='ocrx_word' id='word_1_84' title='bbox 775 1078 830 1107; x_wconf 88' lang='lat' dir='ltr'>zu</span> <span class='ocrx_word' id='word_1_85' title='bbox 877 1068 1071 1110; x_wconf 81' lang='lat' dir='ltr'>macheu</span> <span class='ocrx_word' id='word_1_86' title='bbox 1108 1071 1187 1112; x_wconf 91' lang='lat' dir='ltr'>ist.</span> <span class='ocrx_word' id='word_1_87' title='bbox 1256 1072 1353 1114; x_wconf 86' lang='lat' dir='ltr'>Lob</span> <span class='ocrx_word' id='word_1_88' title='bbox 1386 1073 1465 1116; x_wconf 86' lang='lat' dir='ltr'>des</span> <span class='ocrx_word' id='word_1_89' title='bbox 1498 1075 1868 1122; x_wconf 86' lang='lat' dir='ltr'>Friedenseifers</span> 
     </span>
     <span class='ocr_line' id='line_1_13' title="bbox 243 1129 1868 1194; baseline 0.013 -23"><span class='ocrx_word' id='word_1_90' title='bbox 243 1129 322 1172; x_wconf 88' lang='lat' dir='ltr'>des</span> <span class='ocrx_word' id='word_1_91' title='bbox 354 1130 549 1185; x_wconf 69' lang='lat' dir='ltr'>Kiinigs.</span> <span class='ocrx_word' id='word_1_92' title='bbox 618 1134 714 1176; x_wconf 87' lang='lat' dir='ltr'>Nur</span> <span class='ocrx_word' id='word_1_93' title='bbox 749 1148 828 1178; x_wconf 91' lang='lat' dir='ltr'>um</span> <span class='ocrx_word' id='word_1_94' title='bbox 877 1139 1012 1181; x_wconf 88' lang='lat' dir='ltr'>einen</span> <span class='ocrx_word' id='word_1_95' title='bbox 1044 1142 1302 1194; x_wconf 83' lang='lat' dir='ltr'>passenden</span> <span class='ocrx_word' id='word_1_96' title='bbox 1333 1145 1535 1188; x_wconf 87' lang='lat' dir='ltr'>Frieden</span> <span class='ocrx_word' id='word_1_97' title='bbox 1567 1160 1622 1188; x_wconf 86' lang='lat' dir='ltr'>zu</span> <span class='ocrx_word' id='word_1_98' title='bbox 1654 1148 1868 1192; x_wconf 84' lang='lat' dir='ltr'>erhalten</span> 
     </span>
     <span class='ocr_line' id='line_1_14' title="bbox 241 1200 1867 1275; baseline 0.013 -34"><span class='ocrx_word' id='word_1_99' title='bbox 241 1200 379 1244; x_wconf 79' lang='lat' dir='ltr'>diirfe</span> <span class='ocrx_word' id='word_1_100' title='bbox 416 1216 523 1245; x_wconf 87' lang='lat' dir='ltr'>man</span> <span class='ocrx_word' id='word_1_101' title='bbox 564 1205 716 1260; x_wconf 85' lang='lat' dir='ltr'>Krieg</span> <span class='ocrx_word' id='word_1_102' title='bbox 756 1207 944 1251; x_wconf 83' lang='lat' dir='ltr'>fiihren.</span> <span class='ocrx_word' id='word_1_103' title='bbox 986 1236 1039 1240; x_wconf 89' lang='lat'>—</span> <span class='ocrx_word' id='word_1_104' title='bbox 1079 1210 1260 1256; x_wconf 80' lang='lat' dir='ltr'>Gerade</span> <span class='ocrx_word' id='word_1_105' title='bbox 1300 1216 1380 1257; x_wconf 82' lang='lat' dir='ltr'>bat</span> <span class='ocrx_word' id='word_1_106' title='bbox 1412 1215 1496 1259; x_wconf 87' lang='grc'><strong>(161·</strong></span> <span class='ocrx_word' id='word_1_107' title='bbox 1527 1217 1728 1260; x_wconf 84' lang='lat' dir='ltr'>Pisaner</span> <span class='ocrx_word' id='word_1_108' title='bbox 1760 1218 1867 1275; x_wconf 65' lang='lat' dir='ltr'>Syn-</span> 
     </span>
     <span class='ocr_line' id='line_1_15' title="bbox 240 1271 1869 1335; baseline 0.012 -22"><span class='ocrx_word' id='word_1_109' title='bbox 240 1271 376 1315; x_wconf 87' lang='lat' dir='ltr'>dikus</span> <span class='ocrx_word' id='word_1_110' title='bbox 414 1286 492 1316; x_wconf 88' lang='lat' dir='ltr'>um</span> <span class='ocrx_word' id='word_1_111' title='bbox 532 1277 660 1319; x_wconf 88' lang='lat' dir='ltr'>seine</span> <span class='ocrx_word' id='word_1_112' title='bbox 693 1278 1028 1335; x_wconf 85' lang='lat' dir='ltr'>Vermittlung.</span> <span class='ocrx_word' id='word_1_113' title='bbox 1095 1283 1188 1326; x_wconf 85' lang='lat' dir='ltr'>Das</span> <span class='ocrx_word' id='word_1_114' title='bbox 1221 1284 1418 1328; x_wconf 87' lang='lat' dir='ltr'>Pisaner</span> <span class='ocrx_word' id='word_1_115' title='bbox 1448 1287 1735 1331; x_wconf 87' lang='lat' dir='ltr'>Anerbieten</span> <span class='ocrx_word' id='word_1_116' title='bbox 1773 1304 1869 1333; x_wconf 83' lang='lat' dir='ltr'>war</span> 
     </span>
     <span class='ocr_line' id='line_1_16' title="bbox 239 1343 1866 1413; baseline 0.012 -29"><span class='ocrx_word' id='word_1_117' title='bbox 239 1343 351 1385; x_wconf 84' lang='lat' dir='ltr'>aber</span> <span class='ocrx_word' id='word_1_118' title='bbox 412 1355 462 1387; x_wconf 90' lang='grc'><strong>50</strong></span> <span class='ocrx_word' id='word_1_119' title='bbox 524 1346 800 1402; x_wconf 69' lang='lat' dir='ltr'>lacherlich,</span> <span class='ocrx_word' id='word_1_120' title='bbox 862 1350 967 1394; x_wconf 87' lang='lat' dir='ltr'>dass</span> <span class='ocrx_word' id='word_1_121' title='bbox 1025 1364 1077 1395; x_wconf 90' lang='lat' dir='ltr'>er</span> <span class='ocrx_word' id='word_1_122' title='bbox 1130 1354 1205 1397; x_wconf 84' lang='lat' dir='ltr'>die</span> <span class='ocrx_word' id='word_1_123' title='bbox 1257 1357 1581 1413; x_wconf 77' lang='lat' dir='ltr'>Verinittlung</span> <span class='ocrx_word' id='word_1_124' title='bbox 1632 1361 1866 1404; x_wconf 85' lang='lat' dir='ltr'>ablehnte.</span> 
     </span>
     <span class='ocr_line' id='line_1_17' title="bbox 696 1419 1404 1479; baseline 0.013 -18"><span class='ocrx_word' id='word_1_125' title='bbox 696 1419 910 1474; x_wconf 83' lang='lat' dir='ltr'>Avignon</span> <span class='ocrx_word' id='word_1_126' title='bbox 943 1423 1097 1479; x_wconf 73' lang='lat'>(1323)</span> <span class='ocrx_word' id='word_1_127' title='bbox 1131 1425 1331 1469; x_wconf 84' lang='lat' dir='ltr'>October</span> <span class='ocrx_word' id='word_1_128' title='bbox 1361 1428 1404 1470; x_wconf 76' lang='lat'>4.</span> 
     </span>
    </p>

    <p class='ocr_par' dir='ltr' id='par_1_5' title="bbox 233 1497 1866 2129">
     <span class='ocr_line' id='line_1_18' title="bbox 378 1497 1866 1567; baseline 0.013 -29"><span class='ocrx_word' id='word_1_129' title='bbox 378 1497 541 1541; x_wconf 88' lang='lat' dir='ltr'>Nuncii</span> <span class='ocrx_word' id='word_1_130' title='bbox 572 1499 856 1555; x_wconf 87' lang='lat' dir='ltr'>Pisanorum,</span> <span class='ocrx_word' id='word_1_131' title='bbox 891 1505 968 1560; x_wconf 93' lang='lat' dir='ltr'>qui</span> <span class='ocrx_word' id='word_1_132' title='bbox 994 1506 1067 1548; x_wconf 90' lang='lat' dir='ltr'>hic</span> <span class='ocrx_word' id='word_1_133' title='bbox 1099 1510 1217 1560; x_wconf 86' lang='lat' dir='ltr'>sunt,</span> <span class='ocrx_word' id='word_1_134' title='bbox 1245 1509 1350 1552; x_wconf 91' lang='lat' dir='ltr'>licet</span> <span class='ocrx_word' id='word_1_135' title='bbox 1372 1511 1519 1567; x_wconf 87' lang='lat' dir='ltr'>loquti</span> <span class='ocrx_word' id='word_1_136' title='bbox 1543 1513 1674 1556; x_wconf 91' lang='lat' dir='ltr'>nobis</span> <span class='ocrx_word' id='word_1_137' title='bbox 1696 1514 1866 1557; x_wconf 84' lang='lat' dir='ltr'>fuerint</span> 
     </span>
     <span class='ocr_line' id='line_1_19' title="bbox 237 1566 1865 1629; baseline 0.013 -21"><span class='ocrx_word' id='word_1_138' title='bbox 237 1566 291 1608; x_wconf 90' lang='lat' dir='ltr'>de</span> <span class='ocrx_word' id='word_1_139' title='bbox 330 1580 443 1622; x_wconf 88' lang='lat' dir='ltr'>pace</span> <span class='ocrx_word' id='word_1_140' title='bbox 475 1572 717 1614; x_wconf 87' lang='lat' dir='ltr'>tractanda</span> <span class='ocrx_word' id='word_1_141' title='bbox 755 1575 1010 1629; x_wconf 87' lang='lat' dir='ltr'>vobiscum,</span> <span class='ocrx_word' id='word_1_142' title='bbox 1059 1580 1212 1621; x_wconf 89' lang='lat' dir='ltr'>tamen</span> <span class='ocrx_word' id='word_1_143' title='bbox 1259 1580 1325 1622; x_wconf 89' lang='lat' dir='ltr'>ita</span> <span class='ocrx_word' id='word_1_144' title='bbox 1371 1584 1527 1625; x_wconf 86' lang='lat' dir='ltr'>tenent</span> <span class='ocrx_word' id='word_1_145' title='bbox 1575 1596 1622 1627; x_wconf 90' lang='lat' dir='ltr'>se</span> <span class='ocrx_word' id='word_1_146' title='bbox 1668 1584 1715 1627; x_wconf 89' lang='lat' dir='ltr'>in</span> <span class='ocrx_word' id='word_1_147' title='bbox 1757 1586 1865 1628; x_wconf 84' lang='lat' dir='ltr'>altis</span> 
     </span>
     <span class='ocr_line' id='line_1_20' title="bbox 237 1637 1864 1712; baseline 0.014 -34"><span class='ocrx_word' id='word_1_148' title='bbox 237 1640 280 1679; x_wconf 88' lang='lat' dir='ltr'>et</span> <span class='ocrx_word' id='word_1_149' title='bbox 317 1637 363 1680; x_wconf 92' lang='lat' dir='ltr'>in</span> <span class='ocrx_word' id='word_1_150' title='bbox 401 1639 502 1693; x_wconf 87' lang='grc'><strong>11115,</strong></span> <span class='ocrx_word' id='word_1_151' title='bbox 543 1655 629 1697; x_wconf 90' lang='lat' dir='ltr'>que</span> <span class='ocrx_word' id='word_1_152' title='bbox 671 1645 937 1688; x_wconf 84' lang='lat' dir='ltr'>excellentia</span> <span class='ocrx_word' id='word_1_153' title='bbox 974 1649 1102 1704; x_wconf 82' lang='lat' dir='ltr'>regia</span> <span class='ocrx_word' id='word_1_154' title='bbox 1140 1650 1399 1695; x_wconf 88' lang='lat' dir='ltr'>nullatenus</span> <span class='ocrx_word' id='word_1_155' title='bbox 1440 1657 1709 1709; x_wconf 80' lang='lat' dir='ltr'>acceptaret,</span> <span class='ocrx_word' id='word_1_156' title='bbox 1744 1658 1864 1712; x_wconf 91' lang='lat' dir='ltr'>quod</span> 
     </span>
     <span class='ocr_line' id='line_1_21' title="bbox 235 1710 1863 1783; baseline 0.012 -33"><span class='ocrx_word' id='word_1_157' title='bbox 235 1722 325 1751; x_wconf 89' lang='lat' dir='ltr'>non</span> <span class='ocrx_word' id='word_1_158' title='bbox 368 1710 548 1754; x_wconf 87' lang='lat' dir='ltr'>videtur</span> <span class='ocrx_word' id='word_1_159' title='bbox 591 1714 741 1768; x_wconf 91' lang='lat' dir='ltr'>nobis,</span> <span class='ocrx_word' id='word_1_160' title='bbox 788 1718 909 1772; x_wconf 91' lang='lat' dir='ltr'>quod</span> <span class='ocrx_word' id='word_1_161' title='bbox 953 1721 1180 1764; x_wconf 90' lang='lat' dir='ltr'>tractatus</span> <span class='ocrx_word' id='word_1_162' title='bbox 1226 1735 1381 1765; x_wconf 90' lang='lat' dir='ltr'>eorum</span> <span class='ocrx_word' id='word_1_163' title='bbox 1425 1738 1508 1780; x_wconf 86' lang='lat' dir='ltr'>per</span> <span class='ocrx_word' id='word_1_164' title='bbox 1552 1739 1863 1783; x_wconf 89' lang='lat' dir='ltr'>quemcunque</span> 
     </span>
     <span class='ocr_line' id='line_1_22' title="bbox 233 1783 1862 1851; baseline 0.013 -30"><span class='ocrx_word' id='word_1_165' title='bbox 233 1784 420 1834; x_wconf 88' lang='lat' dir='ltr'>possent</span> <span class='ocrx_word' id='word_1_166' title='bbox 453 1783 650 1839; x_wconf 86' lang='lat' dir='ltr'>aliquem</span> <span class='ocrx_word' id='word_1_167' title='bbox 674 1786 841 1829; x_wconf 91' lang='lat' dir='ltr'>bonum</span> <span class='ocrx_word' id='word_1_168' title='bbox 874 1788 1073 1832; x_wconf 85' lang='lat' dir='ltr'>fructum</span> <span class='ocrx_word' id='word_1_169' title='bbox 1095 1805 1271 1847; x_wconf 86' lang='lat' dir='ltr'>parere,</span> <span class='ocrx_word' id='word_1_170' title='bbox 1304 1794 1392 1837; x_wconf 89' lang='lat' dir='ltr'>nisi</span> <span class='ocrx_word' id='word_1_171' title='bbox 1413 1796 1541 1851; x_wconf 89' lang='lat' dir='ltr'>prius</span> <span class='ocrx_word' id='word_1_172' title='bbox 1565 1810 1720 1840; x_wconf 87' lang='lat' dir='ltr'>eorum</span> <span class='ocrx_word' id='word_1_173' title='bbox 1742 1799 1862 1843; x_wconf 83' lang='lat' dir='ltr'>Vires</span> 
     </span>
     <span class='ocr_line' id='line_1_23' title="bbox 236 1851 1859 1923; baseline 0.013 -31"><span class='ocrx_word' id='word_1_174' title='bbox 236 1852 280 1892; x_wconf 92' lang='lat' dir='ltr'>et</span> <span class='ocrx_word' id='word_1_175' title='bbox 322 1851 493 1905; x_wconf 84' lang='lat' dir='ltr'>inanes,</span> <span class='ocrx_word' id='word_1_176' title='bbox 539 1858 590 1897; x_wconf 91' lang='lat' dir='ltr'>ut</span> <span class='ocrx_word' id='word_1_177' title='bbox 638 1858 886 1912; x_wconf 88' lang='lat' dir='ltr'>credimus,</span> <span class='ocrx_word' id='word_1_178' title='bbox 936 1861 1210 1905; x_wconf 90' lang='lat' dir='ltr'>confidencie</span> <span class='ocrx_word' id='word_1_179' title='bbox 1256 1864 1450 1907; x_wconf 87' lang='lat' dir='ltr'>viriliter</span> <span class='ocrx_word' id='word_1_180' title='bbox 1495 1871 1859 1923; x_wconf 86' lang='lat' dir='ltr'>prosternantur.</span> 
     </span>
     <span class='ocr_line' id='line_1_24' title="bbox 234 1921 1862 1993; baseline 0.014 -31"><span class='ocrx_word' id='word_1_181' title='bbox 234 1921 326 1963; x_wconf 92' lang='lat' dir='ltr'>Nec</span> <span class='ocrx_word' id='word_1_182' title='bbox 362 1923 581 1979; x_wconf 85' lang='lat' dir='ltr'>videmus,</span> <span class='ocrx_word' id='word_1_183' title='bbox 622 1929 741 1982; x_wconf 92' lang='lat' dir='ltr'>quod</span> <span class='ocrx_word' id='word_1_184' title='bbox 780 1930 836 1971; x_wconf 87' lang='lat' dir='ltr'>ad</span> <span class='ocrx_word' id='word_1_185' title='bbox 879 1930 970 1973; x_wconf 91' lang='lat' dir='ltr'>alia</span> <span class='ocrx_word' id='word_1_186' title='bbox 1007 1946 1126 1975; x_wconf 89' lang='grc'><strong>1111116</strong></span> <span class='ocrx_word' id='word_1_187' title='bbox 1163 1935 1278 1977; x_wconf 87' lang='lat' dir='ltr'>talia</span> <span class='ocrx_word' id='word_1_188' title='bbox 1312 1937 1450 1978; x_wconf 87' lang='lat' dir='ltr'>verba</span> <span class='ocrx_word' id='word_1_189' title='bbox 1482 1939 1575 1981; x_wconf 91' lang='lat' dir='ltr'>sint</span> <span class='ocrx_word' id='word_1_190' title='bbox 1605 1944 1745 1993; x_wconf 84' lang='lat' dir='ltr'>mota,</span> <span class='ocrx_word' id='word_1_191' title='bbox 1771 1940 1862 1984; x_wconf 89' lang='lat' dir='ltr'>nisi</span> 
     </span>
     <span class='ocr_line' id='line_1_25' title="bbox 233 1993 1859 2062; baseline 0.014 -29"><span class='ocrx_word' id='word_1_192' title='bbox 233 1994 284 2033; x_wconf 89' lang='lat' dir='ltr'>ut</span> <span class='ocrx_word' id='word_1_193' title='bbox 317 2006 369 2034; x_wconf 84' lang='lat' dir='ltr'>ex</span> <span class='ocrx_word' id='word_1_194' title='bbox 401 1993 485 2037; x_wconf 89' lang='lat' dir='ltr'>hoc</span> <span class='ocrx_word' id='word_1_195' title='bbox 516 1998 667 2041; x_wconf 89' lang='lat' dir='ltr'>carius</span> <span class='ocrx_word' id='word_1_196' title='bbox 701 2013 747 2042; x_wconf 92' lang='lat' dir='ltr'>se</span> <span class='ocrx_word' id='word_1_197' title='bbox 780 2002 980 2044; x_wconf 87' lang='lat' dir='ltr'>vendant</span> <span class='ocrx_word' id='word_1_198' title='bbox 1011 2003 1117 2057; x_wconf 88' lang='lat' dir='ltr'>illis,</span> <span class='ocrx_word' id='word_1_199' title='bbox 1152 2019 1253 2048; x_wconf 92' lang='lat' dir='ltr'>cum</span> <span class='ocrx_word' id='word_1_200' title='bbox 1295 2007 1459 2062; x_wconf 90' lang='lat' dir='ltr'>quibus</span> <span class='ocrx_word' id='word_1_201' title='bbox 1499 2022 1674 2053; x_wconf 89' lang='lat' dir='ltr'>summo</span> <span class='ocrx_word' id='word_1_202' title='bbox 1708 2011 1859 2054; x_wconf 81' lang='lat' dir='ltr'>studio</span> 
     </span>
     <span class='ocr_line' id='line_1_26' title="bbox 234 2065 1249 2129; baseline 0.015 -25"><span class='ocrx_word' id='word_1_203' title='bbox 234 2065 393 2105; x_wconf 89' lang='lat' dir='ltr'>contra</span> <span class='ocrx_word' id='word_1_204' title='bbox 430 2079 510 2109; x_wconf 88' lang='lat' dir='ltr'>vos</span> <span class='ocrx_word' id='word_1_205' title='bbox 551 2073 746 2123; x_wconf 85' lang='lat' dir='ltr'>querunt</span> <span class='ocrx_word' id='word_1_206' title='bbox 778 2071 927 2115; x_wconf 85' lang='lat' dir='ltr'>facere</span> <span class='ocrx_word' id='word_1_207' title='bbox 958 2074 1206 2129; x_wconf 86' lang='lat' dir='ltr'>ligaturam</span> <span class='ocrx_word' id='word_1_208' title='bbox 1241 2111 1249 2118; x_wconf 94' lang='lat'>.</span> 
     </span>
    </p>

    <p class='ocr_par' dir='ltr' id='par_1_6' title="bbox 229 2135 1858 2420">
     <span class='ocr_line' id='line_1_27' title="bbox 373 2135 1858 2196; baseline 0.013 -19"><span class='ocrx_word' id='word_1_209' title='bbox 373 2135 632 2182; x_wconf 89' lang='lat' dir='ltr'>Laudamus</span> <span class='ocrx_word' id='word_1_210' title='bbox 664 2144 816 2184; x_wconf 85' lang='lat' dir='ltr'>tamen</span> <span class='ocrx_word' id='word_1_211' title='bbox 848 2143 1042 2187; x_wconf 91' lang='lat' dir='ltr'>multum</span> <span class='ocrx_word' id='word_1_212' title='bbox 1081 2150 1287 2191; x_wconf 87' lang='lat' dir='ltr'>sanctam</span> <span class='ocrx_word' id='word_1_213' title='bbox 1320 2152 1522 2193; x_wconf 89' lang='lat' dir='ltr'>vestram</span> <span class='ocrx_word' id='word_1_214' title='bbox 1553 2152 1858 2196; x_wconf 88' lang='lat' dir='ltr'>intencionem</span> 
     </span>
     <span class='ocr_line' id='line_1_28' title="bbox 233 2205 1858 2270; baseline 0.014 -25"><span class='ocrx_word' id='word_1_215' title='bbox 233 2205 288 2246; x_wconf 88' lang='lat' dir='ltr'>ad</span> <span class='ocrx_word' id='word_1_216' title='bbox 322 2205 490 2248; x_wconf 90' lang='lat' dir='ltr'>bonum</span> <span class='ocrx_word' id='word_1_217' title='bbox 523 2212 566 2251; x_wconf 82' lang='lat' dir='ltr'>et</span> <span class='ocrx_word' id='word_1_218' title='bbox 588 2210 869 2256; x_wconf 87' lang='lat' dir='ltr'>dulcedinem</span> <span class='ocrx_word' id='word_1_219' title='bbox 899 2215 1040 2270; x_wconf 89' lang='lat' dir='ltr'>pacis.</span> <span class='ocrx_word' id='word_1_220' title='bbox 1104 2218 1208 2261; x_wconf 84' lang='lat' dir='ltr'>Sine</span> <span class='ocrx_word' id='word_1_221' title='bbox 1235 2219 1361 2263; x_wconf 89' lang='grc'><strong>6111115</strong></span> <span class='ocrx_word' id='word_1_222' title='bbox 1383 2221 1633 2265; x_wconf 87' lang='lat' dir='ltr'>intentione</span> <span class='ocrx_word' id='word_1_223' title='bbox 1667 2226 1710 2266; x_wconf 89' lang='lat' dir='ltr'>et</span> <span class='ocrx_word' id='word_1_224' title='bbox 1742 2225 1858 2267; x_wconf 90' lang='lat' dir='ltr'>desi-</span> 
     </span>
     <span class='ocr_line' id='line_1_29' title="bbox 232 2276 1857 2348; baseline 0.014 -32"><span class='ocrx_word' id='word_1_225' title='bbox 232 2276 355 2317; x_wconf 87' lang='lat' dir='ltr'>derio</span> <span class='ocrx_word' id='word_1_226' title='bbox 400 2277 574 2322; x_wconf 90' lang='lat' dir='ltr'>nullum</span> <span class='ocrx_word' id='word_1_227' title='bbox 618 2281 785 2326; x_wconf 90' lang='lat' dir='ltr'>bellum</span> <span class='ocrx_word' id='word_1_228' title='bbox 830 2284 953 2328; x_wconf 90' lang='lat' dir='ltr'>licite</span> <span class='ocrx_word' id='word_1_229' title='bbox 995 2301 1093 2331; x_wconf 91' lang='lat' dir='ltr'>esse</span> <span class='ocrx_word' id='word_1_230' title='bbox 1133 2292 1299 2345; x_wconf 87' lang='lat' dir='ltr'>potest,</span> <span class='ocrx_word' id='word_1_231' title='bbox 1342 2292 1449 2348; x_wconf 86' lang='lat' dir='ltr'>quia</span> <span class='ocrx_word' id='word_1_232' title='bbox 1491 2294 1548 2335; x_wconf 84' lang='lat' dir='ltr'>ad</span> <span class='ocrx_word' id='word_1_233' title='bbox 1586 2294 1671 2337; x_wconf 92' lang='lat' dir='ltr'>hoc</span> <span class='ocrx_word' id='word_1_234' title='bbox 1709 2295 1857 2338; x_wconf 92' lang='lat' dir='ltr'>solum</span> 
     </span>
     <span class='ocr_line' id='line_1_30' title="bbox 229 2346 1629 2420; baseline 0.016 -34"><span class='ocrx_word' id='word_1_235' title='bbox 229 2346 398 2389; x_wconf 87' lang='lat' dir='ltr'>bellum</span> <span class='ocrx_word' id='word_1_236' title='bbox 432 2361 458 2389; x_wconf 88' lang='lat' dir='ltr'>a</span> <span class='ocrx_word' id='word_1_237' title='bbox 489 2349 584 2393; x_wconf 92' lang='lat' dir='ltr'>Deo</span> <span class='ocrx_word' id='word_1_238' title='bbox 617 2355 889 2409; x_wconf 84' lang='lat' dir='ltr'>conceditur,</span> <span class='ocrx_word' id='word_1_239' title='bbox 922 2360 972 2400; x_wconf 91' lang='lat' dir='ltr'>ut</span> <span class='ocrx_word' id='word_1_240' title='bbox 1002 2371 1095 2414; x_wconf 82' lang='lat' dir='ltr'>pax</span> <span class='ocrx_word' id='word_1_241' title='bbox 1126 2361 1280 2404; x_wconf 84' lang='lat' dir='ltr'>debita</span> <span class='ocrx_word' id='word_1_242' title='bbox 1311 2363 1629 2420; x_wconf 87' lang='lat' dir='ltr'>subsequatur.</span> 
     </span>
    </p>

    <p class='ocr_par' dir='ltr' id='par_1_7' title="bbox 224 2418 1852 2911">
     <span class='ocr_line' id='line_1_31' title="bbox 370 2418 1852 2481; baseline 0.015 -22"><span class='ocrx_word' id='word_1_243' title='bbox 370 2418 510 2461; x_wconf 87' lang='lat' dir='ltr'>Facta</span> <span class='ocrx_word' id='word_1_244' title='bbox 540 2420 695 2464; x_wconf 86' lang='lat' dir='ltr'>littera</span> <span class='ocrx_word' id='word_1_245' title='bbox 727 2438 869 2481; x_wconf 88' lang='lat' dir='ltr'>usque</span> <span class='ocrx_word' id='word_1_246' title='bbox 900 2428 989 2471; x_wconf 90' lang='grc'><strong>11116</strong></span> <span class='ocrx_word' id='word_1_247' title='bbox 1019 2430 1144 2472; x_wconf 87' lang='lat' dir='ltr'>venit</span> <span class='ocrx_word' id='word_1_248' title='bbox 1171 2432 1228 2474; x_wconf 86' lang='lat' dir='ltr'>ad</span> <span class='ocrx_word' id='word_1_249' title='bbox 1249 2446 1332 2476; x_wconf 90' lang='lat' dir='ltr'>nos</span> <span class='ocrx_word' id='word_1_250' title='bbox 1356 2433 1558 2478; x_wconf 88' lang='lat' dir='ltr'>sindicus</span> <span class='ocrx_word' id='word_1_251' title='bbox 1581 2435 1852 2480; x_wconf 86' lang='lat' dir='ltr'>Pisanorum</span> 
     </span>
     <span class='ocr_line' id='line_1_32' title="bbox 228 2492 1762 2563; baseline 0.014 -35"><span class='ocrx_word' id='word_1_252' title='bbox 228 2501 397 2542; x_wconf 84' lang='lat' dir='ltr'>rogans</span> <span class='ocrx_word' id='word_1_253' title='bbox 430 2493 473 2532; x_wconf 88' lang='lat' dir='ltr'>et</span> <span class='ocrx_word' id='word_1_254' title='bbox 506 2492 781 2548; x_wconf 81' lang='lat' dir='ltr'>supplicans,</span> <span class='ocrx_word' id='word_1_255' title='bbox 816 2499 934 2552; x_wconf 88' lang='lat' dir='ltr'>quod</span> <span class='ocrx_word' id='word_1_256' title='bbox 967 2512 1303 2546; x_wconf 87' lang='lat' dir='ltr'>assumeremus</span> <span class='ocrx_word' id='word_1_257' title='bbox 1334 2506 1561 2550; x_wconf 88' lang='lat' dir='ltr'>tractatus</span> <span class='ocrx_word' id='word_1_258' title='bbox 1592 2507 1720 2563; x_wconf 86' lang='lat' dir='ltr'>pacis</span> <span class='ocrx_word' id='word_1_259' title='bbox 1755 2542 1762 2549; x_wconf 95' lang='lat'>.</span> 
     </span>
     <span class='ocr_line' id='line_1_33' title="bbox 229 2556 1851 2634; baseline 0.015 -36"><span class='ocrx_word' id='word_1_260' title='bbox 229 2556 312 2600; x_wconf 82' lang='lat' dir='ltr'>Cui</span> <span class='ocrx_word' id='word_1_261' title='bbox 343 2572 426 2602; x_wconf 92' lang='lat' dir='ltr'>nos</span> <span class='ocrx_word' id='word_1_262' title='bbox 454 2561 668 2606; x_wconf 85' lang='lat' dir='ltr'>diximus:</span> <span class='ocrx_word' id='word_1_263' title='bbox 703 2564 836 2617; x_wconf 77' lang='lat' dir='ltr'>Quod</span> <span class='ocrx_word' id='word_1_264' title='bbox 858 2569 1034 2614; x_wconf 88' lang='lat' dir='ltr'>velletis</span> <span class='ocrx_word' id='word_1_265' title='bbox 1057 2571 1206 2615; x_wconf 83' lang='lat' dir='ltr'>facere</span> <span class='ocrx_word' id='word_1_266' title='bbox 1230 2575 1413 2618; x_wconf 90' lang='lat' dir='ltr'>domino</span> <span class='ocrx_word' id='word_1_267' title='bbox 1437 2577 1537 2633; x_wconf 85' lang='lat' dir='ltr'>regi</span> <span class='ocrx_word' id='word_1_268' title='bbox 1553 2579 1851 2634; x_wconf 81' lang='lat' dir='ltr'>Aragonum?</span> 
     </span>
     <span class='ocr_line' id='line_1_34' title="bbox 225 2628 1850 2702; baseline 0.014 -31"><span class='ocrx_word' id='word_1_269' title='bbox 225 2628 494 2686; x_wconf 89' lang='lat' dir='ltr'>Respondit:</span> <span class='ocrx_word' id='word_1_270' title='bbox 529 2633 623 2676; x_wconf 90' lang='lat' dir='ltr'>Nos</span> <span class='ocrx_word' id='word_1_271' title='bbox 646 2648 845 2680; x_wconf 88' lang='lat' dir='ltr'>essemus</span> <span class='ocrx_word' id='word_1_272' title='bbox 879 2642 1080 2684; x_wconf 89' lang='lat' dir='ltr'>contenti</span> <span class='ocrx_word' id='word_1_273' title='bbox 1110 2646 1279 2699; x_wconf 87' lang='lat' dir='ltr'>tenere,</span> <span class='ocrx_word' id='word_1_274' title='bbox 1314 2648 1434 2702; x_wconf 93' lang='lat' dir='ltr'>quod</span> <span class='ocrx_word' id='word_1_275' title='bbox 1467 2651 1672 2692; x_wconf 88' lang='lat' dir='ltr'>tenemus</span> <span class='ocrx_word' id='word_1_276' title='bbox 1704 2649 1751 2692; x_wconf 91' lang='grc'>111</span> <span class='ocrx_word' id='word_1_277' title='bbox 1783 2650 1850 2692; x_wconf 87' lang='grc'><strong>111-</strong></span> 
     </span>
     <span class='ocr_line' id='line_1_35' title="bbox 227 2701 1851 2767; baseline 0.014 -25"><span class='ocrx_word' id='word_1_278' title='bbox 227 2701 340 2754; x_wconf 86' lang='lat' dir='ltr'>sula,</span> <span class='ocrx_word' id='word_1_279' title='bbox 376 2705 419 2744; x_wconf 89' lang='lat' dir='ltr'>et</span> <span class='ocrx_word' id='word_1_280' title='bbox 462 2704 671 2748; x_wconf 89' lang='lat' dir='ltr'>dominus</span> <span class='ocrx_word' id='word_1_281' title='bbox 711 2720 791 2748; x_wconf 84' lang='lat' dir='ltr'>rex</span> <span class='ocrx_word' id='word_1_282' title='bbox 824 2710 965 2763; x_wconf 83' lang='lat' dir='ltr'>tenet,</span> <span class='ocrx_word' id='word_1_283' title='bbox 1009 2714 1128 2767; x_wconf 91' lang='lat' dir='ltr'>quod</span> <span class='ocrx_word' id='word_1_284' title='bbox 1169 2717 1305 2758; x_wconf 91' lang='lat' dir='ltr'>tenet.</span> <span class='ocrx_word' id='word_1_285' title='bbox 1368 2717 1429 2760; x_wconf 90' lang='lat' dir='ltr'>Et</span> <span class='ocrx_word' id='word_1_286' title='bbox 1468 2732 1552 2762; x_wconf 88' lang='lat' dir='ltr'>nos</span> <span class='ocrx_word' id='word_1_287' title='bbox 1585 2720 1851 2765; x_wconf 86' lang='lat' dir='ltr'>derrisimus</span> 
     </span>
     <span class='ocr_line' id='line_1_36' title="bbox 225 2772 1850 2837; baseline 0.014 -24"><span class='ocrx_word' id='word_1_288' title='bbox 225 2772 413 2815; x_wconf 86' lang='lat' dir='ltr'>verbum</span> <span class='ocrx_word' id='word_1_289' title='bbox 447 2787 577 2817; x_wconf 91' lang='lat' dir='ltr'>suum</span> <span class='ocrx_word' id='word_1_290' title='bbox 612 2776 824 2831; x_wconf 87' lang='lat' dir='ltr'>dicentes,</span> <span class='ocrx_word' id='word_1_291' title='bbox 854 2781 973 2834; x_wconf 87' lang='lat' dir='ltr'>quod</span> <span class='ocrx_word' id='word_1_292' title='bbox 1005 2795 1088 2837; x_wconf 91' lang='lat' dir='ltr'>pro</span> <span class='ocrx_word' id='word_1_293' title='bbox 1121 2784 1207 2827; x_wconf 87' lang='lat' dir='ltr'>hac</span> <span class='ocrx_word' id='word_1_294' title='bbox 1239 2787 1442 2830; x_wconf 89' lang='lat' dir='ltr'>stulticia</span> <span class='ocrx_word' id='word_1_295' title='bbox 1473 2789 1739 2835; x_wconf 87' lang='lat' dir='ltr'>nolebamus</span> <span class='ocrx_word' id='word_1_296' title='bbox 1768 2806 1850 2836; x_wconf 88' lang='lat' dir='ltr'>vos</span> 
     </span>
     <span class='ocr_line' id='line_1_37' title="bbox 224 2841 1849 2911; baseline 0.014 -28"><span class='ocrx_word' id='word_1_297' title='bbox 224 2841 444 2899; x_wconf 86' lang='lat' dir='ltr'>impedire</span> <span class='ocrx_word' id='word_1_298' title='bbox 467 2846 521 2888; x_wconf 85' lang='lat' dir='ltr'>de</span> <span class='ocrx_word' id='word_1_299' title='bbox 543 2847 816 2891; x_wconf 89' lang='lat' dir='ltr'>tractatibus</span> <span class='ocrx_word' id='word_1_300' title='bbox 848 2863 930 2892; x_wconf 90' lang='lat' dir='ltr'>nec</span> <span class='ocrx_word' id='word_1_301' title='bbox 955 2853 1084 2896; x_wconf 89' lang='lat' dir='ltr'>vobis</span> <span class='ocrx_word' id='word_1_302' title='bbox 1111 2855 1368 2911; x_wconf 82' lang='lat' dir='ltr'>significare</span> <span class='ocrx_word' id='word_1_303' title='bbox 1392 2893 1399 2900; x_wconf 94' lang='lat'>.</span> <span class='ocrx_word' id='word_1_304' title='bbox 1421 2893 1429 2900; x_wconf 95' lang='lat'>.</span> <span class='ocrx_word' id='word_1_305' title='bbox 1451 2893 1458 2900; x_wconf 91' lang='lat'>.</span> <span class='ocrx_word' id='word_1_306' title='bbox 1492 2860 1597 2903; x_wconf 86' lang='lat' dir='ltr'>Dat.</span> <span class='ocrx_word' id='word_1_307' title='bbox 1624 2862 1849 2905; x_wconf 89' lang='lat' dir='ltr'>Auinione</span> 
     </span>
    </p>
   </div>
   <div class='ocr_carea' id='block_1_5' title="bbox 226 2913 905 3034">
    <p class='ocr_par' dir='ltr' id='par_1_8' title="bbox 226 2913 905 3034">
     <span class='ocr_line' id='line_1_38' title="bbox 226 2913 741 2969; baseline 0.01 -14"><span class='ocrx_word' id='word_1_308' title='bbox 226 2913 297 2955; x_wconf 88' lang='lat' dir='ltr'>die</span> <span class='ocrx_word' id='word_1_309' title='bbox 320 2918 485 2969; x_wconf 87' lang='lat' dir='ltr'>quarta</span> <span class='ocrx_word' id='word_1_310' title='bbox 517 2916 741 2960; x_wconf 90' lang='lat' dir='ltr'>Octobris.</span> 
     </span>
     <span class='ocr_line' id='line_1_39' title="bbox 365 2984 905 3034; baseline 0.007 -13"><span class='ocrx_word' id='word_1_311' title='bbox 365 2984 456 3021; x_wconf 85' lang='lat' dir='ltr'>CRD</span> <span class='ocrx_word' id='word_1_312' title='bbox 482 2987 585 3021; x_wconf 78' lang='lat'>4143.</span> <span class='ocrx_word' id='word_1_313' title='bbox 637 2987 695 3023; x_wconf 88' lang='lat' dir='ltr'>Or.</span> <span class='ocrx_word' id='word_1_314' title='bbox 720 2988 803 3033; x_wconf 87' lang='lat' dir='ltr'>Pap.</span> <span class='ocrx_word' id='word_1_315' title='bbox 830 2989 905 3034; x_wconf 83' lang='lat' dir='ltr'>Ssp.</span> 
     </span>
    </p>
   </div>
  </div>
 </body>
</html>
