2296 3512
901 194 1220 233 —577—

251 330 295 353 no
320 319 369 353 sia
385 318 513 352 entrels
539 320 760 360 tractamens,
787 317 846 351 sils
864 318 958 361 feyts
984 329 1065 361 6666
1083 329 1210 362 venen,
1238 331 1331 363 creu,
1358 332 1424 364 que
1444 332 1514 363 vos,
1541 332 1679 366 senyor,
1706 333 1748 356 ne
1775 334 1873 366 mey-

250 377 394 412 lorarets
419 378 636 420 grossament
661 378 778 410 vostra
803 376 958 410 condicio
986 404 992 410 .
1022 404 1028 410 .
1057 404 1064 410 .
1108 377 1183 419 Que
1209 380 1284 412 cert
1308 389 1345 413 es
1370 379 1449 422 ami,
1477 379 1556 423 quel
1582 381 1657 425 [der
1682 381 1800 425 Papst]
1827 392 1872 415 no

279 463 285 470 .
306 463 312 470 .
339 434 448 469 voln‘a
466 436 581 468 vostre
608 434 814 474 creximent
857 434 1053 478 Monquada
1079 435 1193 470 diluns
1219 437 1317 471 VIII.
1344 438 1416 472 dias
1442 439 1485 473 de
1510 439 1617 481 Marc.
1660 439 1750 474 CRD
1769 439 1872 476 4215.

251 603 347 643 376.
380 600 677 642 Prokurator
708 599 760 641 P.
785 600 841 642 de
863 599 1067 642 Abbacia
1099 613 1158 642 an
1178 601 1340 656 Jayme
1363 604 1450 645 IL:
1479 605 1873 659 Verhandlungen

249 672 336 714 mit
380 671 482 713 dem
516 670 662 724 Papst
705 682 864 723 wegen
896 671 1063 724 Urge13
1108 672 1335 725 Eigenart
1379 673 1458 715 des
1491 675 1700 729 Papstes.
1762 677 1872 718 Ver-

248 741 547 794 handlungen
579 741 806 783 zwiscllen
828 741 939 783 Pisa
971 741 1064 783 und
1092 741 1180 784 (1611
1205 742 1458 785 Intrinseci
1479 744 1529 786 in
1554 744 1711 788 Genua
1732 747 1873 789 1111161·

248 812 575 865 Zustimmung
619 811 699 853 des
734 811 948 865 Papstes‚
994 812 1077 854 der
1108 813 1334 855 heimlich
1366 813 1453 855 den
1485 815 1760 870 Riistungcn
1793 816 1872 859 (165

247 881 427 936 Kiinigs
472 883 932 936 entgegenarbeitet,
977 883 1064 925 wie
1103 884 1335 938 Napoleon
1370 884 1527 926 Orsini
1571 887 1689 939 sagt.
1752 888 1872 930 Zwei

248 953 487 997 Genuesen
520 954 604 996 der
628 954 899 996 Extrinseci
930 954 1098 997 kamen
1130 967 1235 997 vom
1257 954 1442 1009 Kenige
1473 968 1561 998 von
1586 957 1872 1000 Frankreich

247 1037 351 1067 zum
381 1025 542 1078 Papst.
590 1024 685 1066 Der
715 1024 914 1066 Pisaner
946 1023 1171 1080 Syndicus
1203 1026 1363 1068 wollte
1385 1026 1535 1069 durch
1552 1027 1873 1083 Vermittlung

245 1095 479 1149 Napoleon
510 1095 691 1138 Orsinis
724 1095 835 1137 Pisa
868 1095 962 1137 und
987 1096 1149 1151 Jayme
1181 1095 1462 1148 versiihnen3
1496 1097 1572 1139 die
1599 1097 1733 1141 Stadt
1764 1098 1873 1141 11616

246 1166 393 1209 soviel
439 1164 576 1219 GeIcI,
621 1165 726 1208 (1655
771 1166 854 1208 (161·
894 1165 1052 1220 Konig
1095 1167 1172 1209 ein
1216 1165 1455 1220 grosseres
1500 1170 1872 1211 sarracenisches

245 1237 392 1280 Reich
415 1238 651 1279 erwerben
674 1235 827 1279 kitinne
845 1237 914 1279 als
932 1235 1196 1280 Sardinien.
1238 1237 1496 1281 Ansichten
1518 1238 1597 1280 des
1619 1239 1872 1282 Kardinals

245 1308 341 1350 und
373 1308 452 1349 des
474 1307 795 1350 Prokurators
828 1307 1045 1350 dai-iiber.
1108 1307 1267 1362 Kiinig
1288 1309 1467 1351 Robert
1498 1310 1653 1352 riistet
1685 1310 1772 1352 fiir
1797 1310 1873 1353 die

246 1378 545 1431 Lonibardei,
592 1377 859 1421 Castruccio
903 1379 986 1420 hat
1030 1379 1278 1422 Postremo
1324 1391 1620 1433 genommen,
1664 1381 1873 1435 Venedig

705 1450 846 1491 Fano.
908 1449 1062 1504 (1322)
1093 1450 1304 1492 Februar
1335 1450 1406 1492 25.

388 1543 549 1596 Hodie,
582 1557 670 1598 que
703 1542 789 1586 fuit
821 1545 1018 1586 secunda
1050 1544 1145 1587 dies
1163 1545 1321 1596 Marci,
1354 1545 1494 1586 habui
1523 1545 1780 1601 ingressum
1814 1547 1871 1588 ad

247 1614 479 1657 dominum
513 1628 681 1670 papam
711 1617 753 1657 et
774 1615 1036 1670 presentavi
1062 1615 1150 1658 sibi
1171 1615 1350 1659 litteras
1378 1616 1699 1660 dominationis
1722 1620 1872 1660 vestre

247 1698 384 1740 super
413 1684 534 1727 facto
568 1685 762 1741 paragii,
818 1686 938 1741 quod
969 1686 1260 1728 tractabatur
1291 1687 1410 1728 inter
1443 1687 1681 1730 ecclesiam
1713 1688 1871 1744 Urgel-

245 1755 414 1798 lensem
461 1759 503 1797 et
548 1756 745 1798 nobilem
779 1756 1059 1799 comitissam
1093 1757 1359 1810 Fuxensem,
1397 1758 1562 1813 quibus
1595 1759 1871 1814 presentatis

245 1840 352 1868 mox
395 1826 492 1882 ipse
537 1827 745 1869 dominus
778 1841 899 1883 papa
937 1827 1242 1883 interrogavit
1273 1842 1356 1880 me,
1391 1828 1431 1871 51
1463 1829 1616 1885 aliqua
1648 1830 1871 1871 habebam

247 1896 335 1939 sibi
375 1897 522 1940 dicere
563 1898 701 1941 verbo
748 1902 792 1940 et
824 1898 862 1941 si
894 1899 1122 1951 haberem,
1156 1900 1278 1954 quod
1313 1899 1507 1942 dicerem
1540 1900 1627 1942 sibi
1659 1901 1870 1953 breviter,

248 1967 352 2021 quia
392 1968 488 2022 ipse
531 1969 676 2011 multa
714 1969 913 2011 habebat
945 1969 1107 2012 facere.
1170 1970 1227 2012 Et
1260 1984 1362 2012 611111
1395 1970 1615 2026 cepissem
1649 1985 1871 2027 exponere

248 2038 458 2093 dampna,
491 2052 579 2094 que
606 2040 748 2093 vobis,
781 2053 921 2095 regno
948 2043 1103 2083 vestro
1134 2044 1177 2082 61
1200 2041 1384 2083 66616516
1407 2041 1663 2097 Urgellensi
1684 2046 1871 2098 possent

248 2122 302 2150 ex
322 2108 422 2164 ipso
445 2110 649 2165 pai-agio,
684 2111 723 2153 si
744 2110 886 2163 fieret,
910 2111 1102 2163 evenire,
1136 2111 1182 2153 in
1210 2111 1458 2154 continenti
1484 2112 1712 2155 truncavit
1734 2112 1871 2155 michi

247 2179 386 2221 verba
419 2182 462 2221 et
490 2179 722 2233 festinans,
757 2181 875 2224 sicut
905 2182 1003 2237 ipse
1037 2182 1254 2238 loquitur,
1287 2182 1404 2225 dixit
1429 2183 1585 2225 michi:
1619 2184 1719 2225 Non
1743 2184 1870 2226 dubi-

247 2252 313 2292 tet
345 2264 437 2302 rex,
485 2252 604 2305 quod
648 2252 786 2294 nichil
817 2252 908 2305 fiet,
956 2253 1096 2295 nichil
1127 2253 1224 2295 fiet!
1288 2254 1345 2295 Et
1379 2267 1461 2309 ego
1494 2253 1724 2309 replicavi,
1761 2268 1869 2309 qua-

246 2321 351 2362 liter
397 2321 495 2376 ipse
542 2322 717 2377 pridem
767 2323 944 2365 dixerat
989 2324 1140 2376 michi,
1189 2325 1311 2378 quod
1359 2325 1659 2366 mandaverat
1692 2325 1868 2381 aliquos

247 2405 466 2446 personas
510 2393 567 2434 ad
605 2393 773 2435 dictam
813 2394 1048 2437 ecclesiam
1092 2394 1403 2450 Urgellensem
1449 2396 1506 2437 ad
1550 2395 1869 2451 inquirendum

248 2463 302 2505 de
330 2463 427 2515 hoc,
461 2466 504 2504 et
536 2463 634 2518 ipse
666 2464 902 2519 respondit
923 2465 1073 2517 michi,
1109 2466 1228 2521 quod
1260 2465 1347 2508 fuit
1368 2480 1539 2518 verum,
1574 2468 1642 2508 set
1665 2467 1786 2521 quod
1813 2466 1869 2508 ad

246 2533 371 2575 aliud
403 2547 492 2575 non
524 2532 611 2575 fuit
642 2547 906 2589 processum
938 2549 1019 2578 nec
1042 2537 1307 2591 procederet
1340 2539 1384 2578 et
1416 2537 1538 2592 quod
1569 2550 1659 2579 non
1692 2537 1869 2579 dubita-

246 2604 370 2655 retis,
417 2604 523 2659 quia
566 2604 705 2646 nichil
744 2604 884 2647 fieret.
956 2607 1071 2648 Item
1114 2620 1196 2662 ego
1238 2606 1332 2649 dixi
1372 2607 1472 2659 sibi,
1515 2608 1637 2662 quod
1669 2607 1870 2663 placeret

248 2675 484 2718 sanctitati
528 2688 607 2718 sue
651 2675 704 2716 de
736 2675 821 2717 hoc
852 2676 1049 2719 scribere
1081 2677 1210 2720 vobis
1250 2681 1294 2719 et
1325 2678 1422 2733 ipse
1453 2678 1687 2732 respondit
1717 2678 1867 2730 michi,

248 2747 368 2802 quod
401 2746 510 2788 bene
544 2745 786 2797 scriberet3
827 2759 1009 2788 rursum
1048 2760 1130 2802 ego
1164 2747 1258 2790 dixi
1296 2748 1396 2797 sibi,
1432 2749 1471 2790 si
1502 2749 1702 2804 placeret
1736 2761 1865 2791 sanc-

247 2816 371 2858 titati
403 2830 495 2868 sue,
538 2817 657 2871 quod
690 2816 743 2858 de
778 2816 879 2867 hiis,
914 2830 999 2871 que
1032 2817 1168 2859 michi
1201 2818 1391 2871 dixerat,
1426 2819 1669 2862 scriberem
1693 2819 1866 2873 magni-

247 2886 429 2929 ficencie
461 2889 610 2930 vestre
644 2889 688 2928 et
719 2887 954 2942 respondit
985 2887 1134 2939 michi,
1177 2890 1296 2943 quod
1329 2889 1405 2931 sic.
1458 2889 1518 2931 Et
1548 2889 1866 2931 nichilominus

245 2956 409 3000 fatiam
440 2971 574 3012 posse
606 2971 768 3009 meum,
803 2958 922 3011 quod
954 2957 1049 3011 ipse
1078 2958 1301 3001 rescribat
1330 2960 1471 3011 vobis,
1504 2962 1554 3001 ut
1581 2959 1695 3001 dixit
1715 2958 1864 3001 michi.

388 3051 520 3083 Finke‚
543 3051 614 3077 Acta
633 3050 838 3084 Aragonensia.
1658 3040 1701 3075 37
