2296 3512
936 294 1252 333 —699—

427 421 559 473 Quod
596 420 748 462 nullus
789 420 955 461 vendat
986 433 1166 462 servum
1201 419 1509 462 Christianum
1542 432 1624 475 pro
1659 418 1908 461 Sarraceno

288 496 331 535 et
372 492 568 547 qualiter
611 491 829 546 puniatur
862 493 1040 545 emptor
1073 493 1116 531 et
1148 491 1368 542 venditor,
1412 491 1450 533 si
1484 490 1628 533 sciens
1661 489 1798 532 fuerit
1832 524 1839 530 .
1866 524 1873 530 .
1901 524 1908 530 .

426 562 493 603 De
536 574 626 603 non
670 561 889 603 faciendis
936 560 1175 611 veneficiis,
1223 561 1401 616 magiis,
1447 561 1833 603 incantationibus
1867 565 1910 602 et

285 632 542 675 huiusmodi
574 632 756 673 talibus.

426 702 549 744 Nulli
601 705 745 744 restat
803 701 1093 757 ambiguitati
1145 714 1441 756 suspensum,
1505 702 1611 756 quin
1669 701 1909 754 veneficiis,

287 774 466 829 magiis,
512 773 951 829 [incan]taeionibus,
995 771 1212 827 auguriis,
1256 772 1629 824 divinacionibus‚
1663 772 1910 827 sortilegiis

287 844 540 900 ceterisque
578 843 747 885 talibus
779 843 1023 885 innitentes
1055 855 1346 898 perversores
1380 855 1507 884 sacre
1540 843 1774 898 religionis
1807 842 1912 884 fidei
1938 831 1947 836 ³

285 929 312 958 a
335 913 716 958 Christifidelibus
744 917 1024 970 reputentur,
1061 913 1138 969 qui
1173 948 1180 954 .
1208 947 1214 954 .
1243 948 1249 954 .
1286 912 1435 955 divine
1469 913 1694 968 sapiencie
1727 914 1911 956 simula-

284 989 421 1039 tores,
463 986 686 1027 humanas
729 998 862 1041 posse
903 989 1076 1027 mentes
1121 984 1344 1026 divertere
1387 986 1430 1025 et
1472 984 1803 1039 scripturarum
1846 985 1911 1026 in-

286 1057 521 1112 speccione
555 1056 710 1098 futura
743 1056 974 1111 predicere
1008 1054 1124 1096 falso
1158 1055 1445 1109 promittunt,
1489 1054 1690 1096 volentes
1724 1055 1819 1097 Deo
1852 1054 1911 1097 si-

284 1127 415 1170 miles
450 1141 545 1170 esse
578 1126 722 1168 videri
758 1161 764 1167 .
796 1161 802 1167 .
835 1161 842 1167 .

426 1198 492 1240 De
525 1211 615 1240 non
647 1188 841 1239 ludendo
877 1197 933 1238 ad
965 1195 1147 1238 tabulas
1181 1199 1224 1237 et
1251 1195 1481 1237 azardum.

429 1303 436 1310 .
498 1303 505 1309 .
542 1268 809 1319 Statuimus,
843 1270 892 1309 ut
926 1267 998 1309 lex
1031 1266 1110 1308 illa
1144 1266 1290 1309 Greca
1324 1266 1416 1308 divi
1448 1266 1739 1322 imperatoris
1772 1266 1913 1308 Justi-

283 1340 409 1382 niani
442 1375 449 1381 .
478 1375 484 1381 .
514 1374 520 1381 .
556 1339 881 1382 inviolabiliter
907 1337 1221 1390 observeturss)
1258 1371 1266 1378 .
1297 1372 1303 1378 .
1331 1371 1338 1378 .

426 1411 492 1452 De
534 1410 652 1453 ludis
696 1409 932 1466 permissis
976 1411 1019 1451 et
1050 1421 1167 1464 pena
1201 1411 1376 1451 statuta
1410 1410 1567 1449 contra
1602 1420 1696 1459 eos,
1746 1407 1822 1462 qui
1856 1407 1912 1448 ad

283 1482 467 1524 tabulas
500 1482 571 1523 vel
603 1481 788 1523 taxillos
820 1480 975 1522 ludere
1007 1478 1430 1535 presumpserunt7)
1467 1513 1474 1519 .
1506 1512 1512 1519 .
1540 1513 1546 1519 .

427 1551 591 1603 Causa,
638 1566 725 1607 qua
772 1552 905 1593 ludus
948 1550 1139 1606 quilibet
1184 1549 1449 1592 taxillorum
1486 1549 1757 1604 prohibetur
1790 1553 1833 1590 et
1865 1551 1914 1590 ut

285 1637 418 1666 nemo
452 1626 588 1675 emat,
622 1622 762 1665 faciat
794 1636 874 1664 seu
906 1624 1058 1677 portet
1092 1624 1170 1663 aut
1202 1623 1354 1662 teneat
1387 1619 1618 1669 taxillosss)
1654 1654 1661 1660 .
1689 1654 1695 1660 .
1728 1654 1734 1660 .

426 1694 699 1747 Prohibicio,
732 1707 787 1735 ne
821 1693 922 1748 quis
955 1696 1106 1734 teneat
1141 1691 1414 1734 tabulerium
1448 1704 1527 1733 seu
1559 1690 1753 1733 tabulas.

426 1767 492 1808 De
534 1779 623 1807 non
668 1764 943 1820 usurpandis
985 1763 1056 1805 vel
1089 1762 1364 1818 occupandis
1397 1762 1572 1805 iuribus
1607 1765 1649 1803 et
1681 1761 1812 1803 bonis
1847 1773 1914 1802 ec-

285 1836 551 1880 clesiasticis
587 1870 594 1877 .
625 1869 632 1876 .

402 1907 468 1949 De
502 1906 825 1949 constitutione
856 1905 1125 1961 prohibente
1159 1903 1325 1946 deferri
1357 1917 1429 1946 res
1463 1903 1646 1945 illicitas
1676 1903 1731 1944 ad
1755 1900 1914 1944 Sarra-

287 1991 419 2020 cenos
452 1977 777 2020 inviolabiliter
809 1977 1094 2019 observanda
1128 2012 1134 2016 .
1160 2010 1167 2016 .
1195 2010 1202 2016 .

426 2049 492 2090 De
536 2049 706 2090 honore
749 2051 793 2089 et
829 2047 1090 2089 reverencia
1133 2046 1180 2088 in
1218 2046 1305 2087 hiis
1349 2049 1392 2088 et
1434 2045 1535 2087 aliis
1575 2045 1785 2087 omnibus
1819 2044 1915 2086 sedi

289 2119 536 2175 apostolice
568 2122 813 2161 reservato.

427 2190 531 2232 Dat.
575 2191 783 2232 Messane
840 2203 957 2231 anno
1000 2188 1222 2230 dominice
1277 2187 1608 2229 incarnacionis
1656 2184 1913 2237 M0CCC0X‚

284 2274 438 2303 mense
470 2260 728 2313 Novembri,
760 2260 902 2301 XXV.
933 2260 1145 2311 eiusdem,
1180 2259 1323 2300 VHH.
1350 2257 1614 2300 indiccione.

427 2354 516 2389 CRD
544 2353 635 2388 3792
662 2354 719 2388 Or.
747 2354 828 2398 Pap.
856 2354 953 2389 Heft.
1004 2352 1215 2397 Siegelspur.

285 2522 384 2563 439.
418 2521 515 2562 Der
545 2531 704 2573 wegen
736 2520 819 2562 der
841 2518 1070 2573 Kriinung
1091 2520 1277 2575 Jaymes
1304 2531 1408 2561 zum
1430 2517 1589 2571 Kiinig
1610 2530 1698 2560 von
1721 2516 1914 2560 Sicilien

288 2592 553 2645 abgesetzte
591 2590 791 2633 Bischof
823 2602 911 2633 von
942 2591 1155 2633 Nicastro
1200 2603 1258 2632 an
1295 2591 1457 2644 Jayme
1487 2590 1574 2631 IL:
1619 2589 1771 2640 Bitte‚
1816 2587 1914 2628 ihm

285 2674 370 2706 vor
401 2663 578 2704 seinem
598 2661 722 2703 Tode
753 2660 829 2703 die
850 2661 1102 2703 Erlaubnis
1130 2673 1233 2703 zum
1256 2661 1439 2714 Tragen
1462 2659 1542 2702 (les
1564 2658 1754 2701 bischiif
1758 2658 1914 2700 lichen

431 2778 457 2822 6)
484 2778 562 2822 Vgl.
591 2777 672 2813 Cod.
698 2778 789 2813 Just.
815 2778 848 2819 3,
874 2778 930 2813 43.
960 2779 989 2810 1.

429 2837 456 2881 ⁷)
481 2837 606 2871 Preter
631 2838 747 2870 autem
774 2836 946 2880 predictos
973 2836 1124 2880 quinque
1151 2835 1249 2870 ludos
1276 2856 1319 2860 —-
1345 2836 1381 2869 in
1399 2834 1481 2870 Cod.
1500 2834 1739 2868 Justinianeus
1766 2854 1808 2858 —-
1836 2843 1913 2876 per-

285 2897 409 2932 missos
435 2897 477 2930 ad
504 2895 644 2930 balistas
677 2906 716 2929 ac
749 2895 860 2928 eciam
892 2894 934 2928 ad
966 2904 1067 2929 arcus
1104 2905 1144 2929 ac
1176 2893 1376 2929 lancearum
1408 2896 1442 2928 et
1467 2893 1653 2927 dardorum
1686 2893 1807 2933 iactus,
1836 2920 1842 2925 .
1871 2919 1876 2924 .
1906 2920 1912 2926 .

285 2967 365 2992 cum
391 2966 495 2990 causa
520 2955 658 2989 virtutis
684 2955 850 2988 vertatur.

427 3013 454 3059 ⁸)
480 3014 616 3057 Wegen
647 3014 710 3047 der
740 3012 856 3046 nahen
882 3011 1189 3046 Verwandtsehast
1220 3011 1284 3045 mit
1315 3012 1395 3045 dem
1421 3010 1661 3054 Wiirfelspiel„
1695 3010 1757 3044 der
1782 3008 1915 3043 Gefahr

285 3074 348 3108 der
373 3072 607 3117 Blasphemie‚
634 3071 817 3113 Meineide,
843 3071 964 3115 Liigen
990 3081 1074 3104 uSW.
