2296 3512
1070 286 1386 327 —686—

418 426 500 468 per
534 413 712 455 eosdem
743 412 1009 465 Januenses,
1042 416 1093 454 ut
1124 414 1388 469 predicitur,
1423 414 1568 470 captis
1592 417 1635 456 et
1657 414 1752 457 fere
1774 415 1920 457 omnis
1943 415 2040 471 spei

421 483 621 526 subsidio
656 483 874 535 destituti,
907 486 1002 525 tam
1037 484 1238 526 animose
1271 487 1456 540 tamque
1488 484 1681 527 viriliter
1705 488 2038 540 processerunt,

418 553 552 608 longe
574 553 720 609 magis
743 553 935 597 fuissent
956 554 1173 609 predictis
1196 568 1284 597 non
1302 555 1471 611 privati
1489 555 1703 598 subsidiis
1721 555 2037 612 prosperaris).

420 623 550 677 Quod
611 625 776 680 probat
834 625 1040 680 apercius
1093 639 1333 681 processus
1387 626 1495 668 dicti
1547 627 1852 682 imperatoris,
1906 640 2039 682 quem

419 695 576 747 tenuit,
620 696 848 751 quamcito
890 696 1037 739 dictus
1070 697 1368 752 Berengerius
1410 697 1504 739 suis
1537 701 1698 753 captus
1731 698 1906 740 exstitit
1939 711 2037 740 cum

419 765 574 820 galeis.
636 766 796 808 Dictus
829 780 1023 823 namque
1055 767 1305 823 imperator
1337 772 1381 809 et
1423 767 1556 810 Greci
1596 782 1649 810 ex
1681 768 1895 824 capcione
1928 768 2037 810 dicti

418 837 678 891 Berengerii
711 838 1034 893 galearumque
1066 852 1251 881 suarum
1285 839 1527 880 admodum
1549 839 1755 881 letificati
1788 842 1831 880 et
1870 853 1923 881 ex
1955 839 2040 881 hoc

420 908 551 963 quasi
598 907 718 959 elati,
764 912 1038 964 congregato
1084 909 1281 964 undique
1323 909 1522 951 exercitu
1568 910 1778 952 universo
1821 911 2039 952 adversus

417 978 521 1020 illos
567 979 831 1034 armigeros,
877 980 954 1036 qui
1001 983 1111 1035 aput
1156 978 1396 1034 Calipolim
1441 979 1796 1035 receptabant‚f)
1844 993 2037 1035 propere

420 1051 758 1102 contenderunt,
799 1063 874 1092 eos
906 1050 1173 1105 impugnare
1207 1062 1286 1091 seu
1317 1050 1507 1105 perdere
1538 1050 1738 1092 finaliter
1771 1051 2037 1106 cogitantes.

417 1120 540 1162 Dicti
591 1134 697 1163 vero
746 1121 973 1176 armigeri,
1019 1121 1135 1163 sicut
1180 1119 1361 1162 domino
1403 1120 1588 1176 placuit,
1629 1120 1755 1163 nulla
1794 1121 2040 1164 offensione

419 1194 604 1246 accepta
644 1205 669 1233 a
710 1191 881 1244 Grecis,
921 1192 1078 1233 crebro
1118 1192 1335 1233 adversus
1369 1204 1444 1233 eos
1476 1191 1659 1247 preliati
1692 1195 1798 1234 sunt
1829 1195 1874 1234 et
1904 1192 2040 1248 potiti

418 1274 597 1316 semper
628 1262 821 1304 victoria
854 1265 1012 1304 contra
1043 1262 1180 1317 ipsos,
1211 1262 1327 1304 sicut
1358 1262 1552 1304 veridice
1585 1263 1703 1305 dicto
1738 1262 1919 1305 domino
1942 1262 2040 1318 regi

419 1332 569 1374 extitit
600 1333 876 1374 nunciatum.
941 1331 1277 1388 Subsequenter
1308 1346 1414 1374 vero
1449 1333 1558 1375 dicti
1588 1333 1803 1389 armigeri
1826 1336 2040 1376 exeuntes

420 1416 520 1445 cum
567 1404 705 1446 armis
752 1407 922 1446 terram
962 1403 1259 1459 Calypolimf)
1299 1404 1614 1459 depopulando
1664 1408 1707 1446 et
1751 1405 2040 1460 depredando

418 1474 585 1515 circum
619 1474 769 1529 posita
801 1474 899 1516 loca
931 1475 1207 1530 insequendo
1242 1473 1411 1518 Grecos
1435 1478 1478 1516 et
1504 1474 1705 1530 fugando
1729 1489 1804 1518 eos
1826 1475 2039 1530 undique,

418 1543 825 1587 Churmichaellem
884 1545 994 1587 dicti
1050 1545 1342 1600 imperatoris
1403 1545 1547 1587 filium
1609 1559 1824 1601 magnum
1888 1559 2039 1588 secum

418 1615 653 1657 ducentem
696 1617 941 1658 exercitum
984 1617 1184 1672 equitum
1219 1620 1262 1658 et
1295 1620 1577 1659 armatorum
1610 1617 1836 1672 obviamg)
1870 1617 2038 1659 habue-

418 1690 523 1727 runt
566 1690 609 1728 et
650 1687 751 1728 hinc
790 1688 892 1729 inde
924 1687 1042 1730 bello
1077 1687 1317 1730 commisso
1350 1688 1514 1729 iterum
1548 1687 1744 1730 victores
1776 1687 1886 1730 facti
1919 1690 2038 1741 sunt,

417 1757 654 1799 debellatis
689 1761 731 1799 et
763 1757 935 1814 fugatis
970 1758 1126 1800 Grecis
1160 1758 1327 1800 eisdem
1361 1762 1404 1801 et
1436 1772 1536 1800 cum
1560 1759 1753 1801 victoria
1777 1758 2037 1814 Galypolim

416 1828 658 1870 redierunt.
722 1829 780 1871 Et
803 1829 948 1871 adhuc
970 1829 1102 1871 hodie
1124 1828 1249 1870 illinc
1282 1829 1451 1871 dictum
1473 1829 1797 1885 imperatorem
1819 1830 2038 1884 impetere

417 1902 461 1940 et
493 1898 717 1942 offendere
748 1913 920 1942 necnon
954 1904 998 1941 et
1031 1903 1209 1955 gentem
1243 1913 1372 1942 suam
1405 1901 1514 1942 totis
1548 1900 1720 1942 viribus
1746 1914 1835 1942 non
1859 1902 2039 1942 cessant

418 1968 703 2024 aliquatenus
735 1984 815 2012 nec
847 1974 1139 2026 postponunt.

559 2039 649 2075 CRD
678 2041 767 2076 1563
794 2051 819 2074 s.
847 2041 874 2074 f.
916 2040 1069 2075 Gleichz.
1096 2041 1392 2084 Papierabschn'ft
1415 2052 1483 2075 von
1508 2041 1570 2074 der
1596 2040 1697 2075 Hand
1723 2040 1818 2074 eines
1835 2039 2038 2075 Schreibers

417 2098 479 2132 der
504 2098 757 2133 sicilianischen
782 2099 938 2134 Kanzlei.
996 2099 1047 2134 Ob
1074 2111 1136 2133 zur
1161 2099 1393 2133 Information
1420 2110 1464 2133 an
1488 2100 1613 2143 Jayme
1639 2099 1685 2135 Π.
1710 2099 1910 2143 geschickt?
1948 2099 2038 2132 Auf—

416 2156 514 2201 fallig
532 2157 586 2191 die
612 2158 725 2192 starke
743 2158 927 2203 Betonung
944 2159 1006 2192 der
1023 2158 1206 2203 religiosen
1223 2159 1326 2193 Seite.
1378 2158 1429 2193 Ob
1444 2169 1506 2192 zur
1518 2158 1818 2202 Entschuldigung
1831 2158 1902 2192 und
1917 2157 2037 2192 Erkla-

416 2227 505 2260 rung
529 2216 590 2250 der
614 2217 833 2261 Beteiligung
858 2217 1081 2252 Friedrichs?
1099 2239 1143 2243 —
1161 2218 1227 2252 Die
1254 2218 1329 2252 Zeit
1354 2218 1446 2251 kann
1470 2217 1563 2251 wohl
1588 2229 1656 2251 nur
1683 2217 1784 2259 1305,
1810 2227 1873 2251 vor
1890 2218 1952 2251 der
1968 2217 2036 2251 Be-

415 2275 555 2319 freiung
586 2276 790 2320 Berengars,
823 2277 907 2311 sein.
934 2298 977 2301 —
1009 2277 1074 2311 Die
1106 2277 1325 2322 Auffassung
1351 2277 1489 2311 Genuas
1518 2276 1591 2320 gibt
1616 2276 1790 2311 Christian
1815 2275 1957 2320 Spinula
1981 2286 2037 2310 am

418 2333 472 2368 19.
488 2334 639 2369 Oktober
654 2335 743 2370 1305
769 2335 872 2379 (CRD
893 2335 1026 2380 12824)
1052 2336 1196 2370 wieder:
1222 2336 1347 2370 Dictus
1373 2336 1463 2369 dom.
1481 2346 1646 2380 magnum
1668 2335 1807 2377 dampni
1833 2345 1853 2369 a
1876 2334 2038 2379 gentibus

416 2393 543 2427 nostris
570 2395 700 2438 recepit
729 2395 855 2429 iniuste
884 2423 890 2429 .
920 2423 926 2429 .
954 2423 960 2429 .
988 2395 1082 2429 salvo
1107 2396 1252 2438 intanto,
1285 2396 1376 2439 quod
1402 2394 1595 2437 videbatur,
1626 2395 1717 2438 quod
1744 2393 1847 2428 vellet
1872 2394 2038 2428 invadere

416 2452 600 2496 imperinm
637 2453 816 2496 Romanie,
859 2455 949 2498 quod
992 2454 1141 2488 multum
1179 2454 1288 2498 tangit
1324 2454 1482 2488 homines
1506 2450 1712 2496 Januenses7
1747 2453 1775 2487 si
1807 2453 1939 2487 dictum
1970 2452 2036 2486 im-

416 2511 550 2554 perium
578 2512 757 2546 invaderet
781 2512 840 2546 tali
865 2513 978 2555 modo,
1010 2513 1178 2547 habentes
1205 2523 1344 2547 causam
1371 2515 1405 2546 et
1429 2512 1585 2546 debitum
1616 2522 1697 2546 cum
1722 2511 1860 2545 domino
1885 2511 2036 2555 impera-

417 2571 491 2603 tore
517 2570 707 2605 Grecomm
733 2600 740 2607 .
769 2599 776 2605 .
805 2599 811 2605 .
837 2572 908 2606 Das
939 2572 984 2606 ist
1016 2572 1189 2606 ehrlicher
1219 2571 1269 2606 als
1301 2572 1354 2606 die
1386 2573 1483 2615 spate
1507 2570 1807 2615 Entschuldigung
1833 2571 1894 2604 der
1919 2570 2036 2604 Genu-

417 2639 509 2664 esen.
560 2629 644 2663 Eine
683 2630 954 2665 Gesandtschaft
991 2631 1166 2665 erscheint
1196 2631 1293 2664 Ende
1326 2630 1531 2674 September
1561 2630 1596 2663 in
1629 2630 1835 2673 Aragonien.
1886 2629 1941 2663 sie
1972 2627 2035 2662 soll

416 2687 697 2732 Biindnisfragen
724 2689 947 2724 verhandeln.
997 2691 1087 2724 Item
1120 2690 1329 2734 supplicant,
1362 2690 1452 2733 quod
1483 2689 1663 2724 occasione
1680 2688 1814 2733 negocii
1838 2686 2035 2731 Belengerii

417 2746 591 2790 Intencie,
637 2759 702 2792 que
746 2748 870 2783 accidit
913 2750 948 2782 in
988 2749 1142 2793 partibus
1185 2748 1352 2783 Romanie
1395 2749 1488 2793 regie
1531 2748 1702 2782 maiestati
1739 2747 1872 2791 placeat
1907 2745 2036 2780 habere

416 2816 563 2840 comune
594 2807 706 2840 Janue
737 2810 952 2851 excusatum,
985 2819 1064 2842 cum
1096 2808 1252 2851 predicta
1282 2808 1376 2842 facta
1405 2807 1539 2842 fuerint
1569 2817 1613 2841 ex
1643 2817 1735 2849 casu,
1767 2816 1836 2839 non
1874 2816 1918 2839 ex
1954 2815 2035 2848 pro-

416 2865 526 2909 posito
563 2876 626 2908 per
661 2865 819 2901 homines
847 2894 853 2900 .
882 2894 888 2900 .
917 2894 923 2900 .
950 2866 1028 2901 vifis
1065 2867 1286 2902 condicionis.
1340 2867 1425 2911 Reg.
1464 2867 1532 2900 334
1568 2866 1595 2900 f.
1624 2865 1691 2899 126
1715 2865 1757 2898 ff.
1806 2864 1895 2898 Dort
1918 2863 2035 2897 Brief-

416 2924 579 2958 schaften
610 2924 661 2958 bis
686 2925 769 2958 Juni
797 2925 897 2961 1306.

558 2982 635 3027 Vgl.
650 2983 739 3017 auch
753 2984 992 3027 Car07117357.
1011 2984 1075 3018 Die
1093 2984 1518 3029 Entschadigungsfragen
1526 2983 1649 3016 ziehen
1657 2982 1730 3016 sich
1747 2982 1853 3015 ι131110
1867 2980 1947 3025 lang
1961 2980 2035 3015 hin.

416 3040 495 3086 Vgl.
523 3042 647 3076 11878.
697 3042 795 3076 Nach
822 3043 937 3077 seiner
959 3043 1152 3087 Befreiung
1183 3043 1244 3076 hat
1268 3043 1446 3086 Berengar
1477 3042 1587 3076 sofort
1612 3042 1675 3074 mit
1700 3041 1779 3075 dem
1803 3040 1929 3083 Papste
1956 3050 2036 3073 ver-

562 3101 586 3145 ἰ)
612 3101 656 3135 So
681 3102 835 3135 Ausfert.
904 3104 934 3145 g)
960 3101 1101 3135 obvium
1126 3102 1280 3135 Ausfert.
