<?xml version="1.0" encoding="UTF-8"?>
<!DOCTYPE html PUBLIC "-//W3C//DTD XHTML 1.0 Transitional//EN"
    "http://www.w3.org/TR/xhtml1/DTD/xhtml1-transitional.dtd">
<html xmlns="http://www.w3.org/1999/xhtml" xml:lang="en" lang="en">
 <head>
  <title>
</title>
<meta http-equiv="Content-Type" content="text/html;charset=utf-8" />
  <meta name='ocr-system' content='tesseract 3.04.00' />
  <meta name='ocr-capabilities' content='ocr_page ocr_carea ocr_par ocr_line ocrx_word'/>
</head>
<body>
  <div class='ocr_page' id='page_1' title='image "./actaaragonensiaq02finkuoft_0185.png"; bbox 0 0 2296 3512; ppageno 0'>
   <div class='ocr_carea' id='block_1_1' title="bbox 900 239 1218 279">
    <p class='ocr_par' dir='ltr' id='par_1_1' title="bbox 900 239 1218 279">
     <span class='ocr_line' id='line_1_1' title="bbox 900 239 1218 279; baseline 0.009 -2"><span class='ocrx_word' id='word_1_1' title='bbox 900 239 1218 279; x_wconf 85' lang='lat'>—689—</span> 
     </span>
    </p>
   </div>
   <div class='ocr_carea' id='block_1_2' title="bbox 233 358 1865 1378">
    <p class='ocr_par' dir='ltr' id='par_1_2' title="bbox 237 358 1865 978">
     <span class='ocr_line' id='line_1_2' title="bbox 389 358 1865 424; baseline 0.01 -23"><span class='ocrx_word' id='word_1_2' title='bbox 389 358 600 415; x_wconf 83' lang='lat' dir='ltr'>Capitula</span> <span class='ocrx_word' id='word_1_3' title='bbox 633 364 676 403; x_wconf 89' lang='lat' dir='ltr'>et</span> <span class='ocrx_word' id='word_1_4' title='bbox 698 363 1034 417; x_wconf 87' lang='lat' dir='ltr'>convenciones,</span> <span class='ocrx_word' id='word_1_5' title='bbox 1062 368 1306 410; x_wconf 90' lang='lat' dir='ltr'>secundum</span> <span class='ocrx_word' id='word_1_6' title='bbox 1330 383 1414 424; x_wconf 89' lang='lat' dir='ltr'>que</span> <span class='ocrx_word' id='word_1_7' title='bbox 1442 371 1713 415; x_wconf 81' lang='lat' dir='ltr'>universitas</span> <span class='ocrx_word' id='word_1_8' title='bbox 1740 387 1865 416; x_wconf 79' lang='lat' dir='ltr'>exer-</span> 
     </span>
     <span class='ocr_line' id='line_1_3' title="bbox 247 429 1864 498; baseline 0.01 -28"><span class='ocrx_word' id='word_1_9' title='bbox 247 429 362 471; x_wconf 88' lang='lat' dir='ltr'>citus</span> <span class='ocrx_word' id='word_1_10' title='bbox 394 430 670 472; x_wconf 82' lang='lat' dir='ltr'>Francorum</span> <span class='ocrx_word' id='word_1_11' title='bbox 709 432 755 473; x_wconf 91' lang='lat' dir='ltr'>in</span> <span class='ocrx_word' id='word_1_12' title='bbox 788 433 1005 476; x_wconf 87' lang='lat' dir='ltr'>Romanie</span> <span class='ocrx_word' id='word_1_13' title='bbox 1037 436 1245 490; x_wconf 87' lang='lat' dir='ltr'>partibus</span> <span class='ocrx_word' id='word_1_14' title='bbox 1280 440 1514 483; x_wconf 77' lang='lat' dir='ltr'>existentis</span> <span class='ocrx_word' id='word_1_15' title='bbox 1555 456 1636 498; x_wconf 90' lang='lat' dir='ltr'>per</span> <span class='ocrx_word' id='word_1_16' title='bbox 1667 443 1864 486; x_wconf 87' lang='lat' dir='ltr'>nobilem</span> 
     </span>
     <span class='ocr_line' id='line_1_4' title="bbox 245 500 1863 556; baseline 0.011 -16"><span class='ocrx_word' id='word_1_17' title='bbox 245 500 489 554; x_wconf 85' lang='lat' dir='ltr'>Rogerium</span> <span class='ocrx_word' id='word_1_18' title='bbox 534 501 587 542; x_wconf 89' lang='lat' dir='ltr'>de</span> <span class='ocrx_word' id='word_1_19' title='bbox 624 502 774 544; x_wconf 87' lang='lat' dir='ltr'>Lauro</span> <span class='ocrx_word' id='word_1_20' title='bbox 818 503 1007 546; x_wconf 85' lang='lat' dir='ltr'>militem</span> <span class='ocrx_word' id='word_1_21' title='bbox 1048 509 1373 551; x_wconf 80' lang='lat' dir='ltr'>marescalcum</span> <span class='ocrx_word' id='word_1_22' title='bbox 1419 514 1462 553; x_wconf 90' lang='lat' dir='ltr'>et</span> <span class='ocrx_word' id='word_1_23' title='bbox 1502 516 1722 555; x_wconf 90' lang='lat' dir='ltr'>rectorem</span> <span class='ocrx_word' id='word_1_24' title='bbox 1767 515 1863 556; x_wconf 92' lang='lat' dir='ltr'>uni-</span> 
     </span>
     <span class='ocr_line' id='line_1_5' title="bbox 245 570 1864 628; baseline 0.011 -17"><span class='ocrx_word' id='word_1_25' title='bbox 245 570 476 613; x_wconf 79' lang='lat' dir='ltr'>versitatis</span> <span class='ocrx_word' id='word_1_26' title='bbox 509 571 654 626; x_wconf 89' lang='lat' dir='ltr'>ipsius</span> <span class='ocrx_word' id='word_1_27' title='bbox 689 586 741 614; x_wconf 87' lang='lat' dir='ltr'>ac</span> <span class='ocrx_word' id='word_1_28' title='bbox 772 578 1117 628; x_wconf 84' lang='lat' dir='ltr'>procuratorem</span> <span class='ocrx_word' id='word_1_29' title='bbox 1151 578 1246 620; x_wconf 89' lang='lat' dir='ltr'>eius</span> <span class='ocrx_word' id='word_1_30' title='bbox 1280 581 1336 621; x_wconf 89' lang='lat' dir='ltr'>ad</span> <span class='ocrx_word' id='word_1_31' title='bbox 1368 581 1452 623; x_wconf 90' lang='lat' dir='ltr'>hoc</span> <span class='ocrx_word' id='word_1_32' title='bbox 1475 583 1721 626; x_wconf 74' lang='lat' dir='ltr'>solenniter</span> <span class='ocrx_word' id='word_1_33' title='bbox 1743 586 1864 627; x_wconf 89' lang='lat' dir='ltr'>ordi-</span> 
     </span>
     <span class='ocr_line' id='line_1_6' title="bbox 245 641 1863 705; baseline 0.011 -24"><span class='ocrx_word' id='word_1_34' title='bbox 245 643 403 682; x_wconf 85' lang='lat' dir='ltr'>natum</span> <span class='ocrx_word' id='word_1_35' title='bbox 450 641 598 696; x_wconf 81' lang='lat' dir='ltr'>elegit,</span> <span class='ocrx_word' id='word_1_36' title='bbox 646 644 919 698; x_wconf 80' lang='lat' dir='ltr'>approbavit</span> <span class='ocrx_word' id='word_1_37' title='bbox 951 648 995 687; x_wconf 89' lang='lat' dir='ltr'>et</span> <span class='ocrx_word' id='word_1_38' title='bbox 1039 647 1177 702; x_wconf 90' lang='lat' dir='ltr'>peciit</span> <span class='ocrx_word' id='word_1_39' title='bbox 1221 662 1299 691; x_wconf 90' lang='lat' dir='ltr'>seu</span> <span class='ocrx_word' id='word_1_40' title='bbox 1337 653 1587 705; x_wconf 89' lang='lat' dir='ltr'>postulavit</span> <span class='ocrx_word' id='word_1_41' title='bbox 1624 655 1669 695; x_wconf 90' lang='lat' dir='ltr'>in</span> <span class='ocrx_word' id='word_1_42' title='bbox 1709 668 1863 698; x_wconf 92' lang='lat' dir='ltr'>eorum</span> 
     </span>
     <span class='ocr_line' id='line_1_7' title="bbox 240 711 1861 768; baseline 0.011 -17"><span class='ocrx_word' id='word_1_43' title='bbox 240 724 398 753; x_wconf 89' lang='lat' dir='ltr'>verum</span> <span class='ocrx_word' id='word_1_44' title='bbox 436 711 688 766; x_wconf 83' lang='lat' dir='ltr'>legitimum</span> <span class='ocrx_word' id='word_1_45' title='bbox 735 718 779 755; x_wconf 85' lang='lat' dir='ltr'>et</span> <span class='ocrx_word' id='word_1_46' title='bbox 820 716 1075 759; x_wconf 77' lang='lat' dir='ltr'>naturalem</span> <span class='ocrx_word' id='word_1_47' title='bbox 1122 719 1352 762; x_wconf 87' lang='lat' dir='ltr'>dominum</span> <span class='ocrx_word' id='word_1_48' title='bbox 1394 722 1599 765; x_wconf 85' lang='lat' dir='ltr'>inclitum</span> <span class='ocrx_word' id='word_1_49' title='bbox 1643 725 1861 768; x_wconf 84' lang='lat' dir='ltr'>infantem</span> 
     </span>
     <span class='ocr_line' id='line_1_8' title="bbox 242 781 1861 845; baseline 0.011 -24"><span class='ocrx_word' id='word_1_50' title='bbox 242 781 520 824; x_wconf 86' lang='lat' dir='ltr'>Manfridum</span> <span class='ocrx_word' id='word_1_51' title='bbox 537 783 680 825; x_wconf 81' lang='lat' dir='ltr'>filium</span> <span class='ocrx_word' id='word_1_52' title='bbox 705 786 983 828; x_wconf 79' lang='lat' dir='ltr'>serenissimi</span> <span class='ocrx_word' id='word_1_53' title='bbox 1005 787 1224 845; x_wconf 88' lang='lat' dir='ltr'>principis</span> <span class='ocrx_word' id='word_1_54' title='bbox 1244 790 1415 833; x_wconf 89' lang='lat' dir='ltr'>domini</span> <span class='ocrx_word' id='word_1_55' title='bbox 1431 793 1648 836; x_wconf 90' lang='lat' dir='ltr'>Friderici</span> <span class='ocrx_word' id='word_1_56' title='bbox 1670 795 1861 840; x_wconf 88' lang='lat' dir='ltr'>illustris</span> 
     </span>
     <span class='ocr_line' id='line_1_9' title="bbox 239 852 1861 913; baseline 0.01 -20"><span class='ocrx_word' id='word_1_57' title='bbox 239 852 360 908; x_wconf 84' lang='lat' dir='ltr'>regis</span> <span class='ocrx_word' id='word_1_58' title='bbox 392 852 622 896; x_wconf 87' lang='lat' dir='ltr'>Trinacrie</span> <span class='ocrx_word' id='word_1_59' title='bbox 670 868 723 897; x_wconf 91' lang='lat' dir='ltr'>ac</span> <span class='ocrx_word' id='word_1_60' title='bbox 762 857 942 899; x_wconf 91' lang='lat' dir='ltr'>nomine</span> <span class='ocrx_word' id='word_1_61' title='bbox 983 857 1127 913; x_wconf 88' lang='lat' dir='ltr'>ipsius</span> <span class='ocrx_word' id='word_1_62' title='bbox 1168 860 1356 904; x_wconf 80' lang='lat' dir='ltr'>infantis</span> <span class='ocrx_word' id='word_1_63' title='bbox 1398 865 1585 906; x_wconf 89' lang='lat' dir='ltr'>eundem</span> <span class='ocrx_word' id='word_1_64' title='bbox 1632 866 1861 909; x_wconf 88' lang='lat' dir='ltr'>dominum</span> 
     </span>
     <span class='ocr_line' id='line_1_10' title="bbox 237 923 1704 978; baseline 0.01 -14"><span class='ocrx_word' id='word_1_65' title='bbox 237 936 388 978; x_wconf 85' lang='lat' dir='ltr'>regem</span> <span class='ocrx_word' id='word_1_66' title='bbox 423 923 469 965; x_wconf 92' lang='lat' dir='ltr'>in</span> <span class='ocrx_word' id='word_1_67' title='bbox 503 924 701 968; x_wconf 90' lang='lat' dir='ltr'>eiusdem</span> <span class='ocrx_word' id='word_1_68' title='bbox 733 927 1045 971; x_wconf 88' lang='lat' dir='ltr'>universitatis</span> <span class='ocrx_word' id='word_1_69' title='bbox 1078 933 1301 973; x_wconf 90' lang='lat' dir='ltr'>rectorem</span> <span class='ocrx_word' id='word_1_70' title='bbox 1335 936 1378 974; x_wconf 90' lang='lat' dir='ltr'>et</span> <span class='ocrx_word' id='word_1_71' title='bbox 1411 933 1704 978; x_wconf 85' lang='lat' dir='ltr'>defensorem.</span> 
     </span>
    </p>

    <p class='ocr_par' dir='ltr' id='par_1_3' title="bbox 233 1016 1860 1227">
     <span class='ocr_line' id='line_1_11' title="bbox 379 1016 1860 1074; baseline 0.01 -24"><span class='ocrx_word' id='word_1_72' title='bbox 379 1016 614 1052; x_wconf 83' lang='lat' dir='ltr'>Beschworen</span> <span class='ocrx_word' id='word_1_73' title='bbox 640 1019 769 1054; x_wconf 87' lang='lat' dir='ltr'>seitens</span> <span class='ocrx_word' id='word_1_74' title='bbox 795 1020 994 1056; x_wconf 85' lang='lat' dir='ltr'>Friedrichs</span> <span class='ocrx_word' id='word_1_75' title='bbox 1020 1023 1132 1057; x_wconf 85' lang='lat' dir='ltr'>durch</span> <span class='ocrx_word' id='word_1_76' title='bbox 1157 1024 1319 1059; x_wconf 75' lang='lat' dir='ltr'>Mansred</span> <span class='ocrx_word' id='word_1_77' title='bbox 1350 1026 1392 1059; x_wconf 87' lang='lat' dir='ltr'>de</span> <span class='ocrx_word' id='word_1_78' title='bbox 1416 1025 1634 1062; x_wconf 77' lang='lat' dir='ltr'>claromonte</span> <span class='ocrx_word' id='word_1_79' title='bbox 1665 1029 1701 1062; x_wconf 90' lang='lat' dir='ltr'>in</span> <span class='ocrx_word' id='word_1_80' title='bbox 1727 1030 1860 1074; x_wconf 85' lang='lat' dir='ltr'>Gegen-</span> 
     </span>
     <span class='ocr_line' id='line_1_12' title="bbox 238 1075 1860 1124; baseline 0.01 -16"><span class='ocrx_word' id='word_1_81' title='bbox 238 1076 326 1108; x_wconf 83' lang='lat' dir='ltr'>wart</span> <span class='ocrx_word' id='word_1_82' title='bbox 350 1075 512 1119; x_wconf 80' lang='lat' dir='ltr'>Symonis</span> <span class='ocrx_word' id='word_1_83' title='bbox 538 1077 690 1121; x_wconf 88' lang='lat' dir='ltr'>Philippi</span> <span class='ocrx_word' id='word_1_84' title='bbox 717 1078 759 1112; x_wconf 89' lang='lat' dir='ltr'>de</span> <span class='ocrx_word' id='word_1_85' title='bbox 785 1079 971 1124; x_wconf 81' lang='lat' dir='ltr'>Regalibus</span> <span class='ocrx_word' id='word_1_86' title='bbox 996 1081 1038 1114; x_wconf 89' lang='lat' dir='ltr'>de</span> <span class='ocrx_word' id='word_1_87' title='bbox 1065 1081 1214 1116; x_wconf 83' lang='lat' dir='ltr'>Pistorio</span> <span class='ocrx_word' id='word_1_88' title='bbox 1240 1083 1359 1118; x_wconf 80' lang='lat' dir='ltr'>militis</span> <span class='ocrx_word' id='word_1_89' title='bbox 1385 1086 1596 1121; x_wconf 79' lang='lat' dir='ltr'>serenissimi</span> <span class='ocrx_word' id='word_1_90' title='bbox 1628 1090 1663 1121; x_wconf 87' lang='lat' dir='ltr'>et</span> <span class='ocrx_word' id='word_1_91' title='bbox 1687 1088 1860 1124; x_wconf 82' lang='lat' dir='ltr'>excellen-</span> 
     </span>
     <span class='ocr_line' id='line_1_13' title="bbox 235 1133 1860 1193; baseline 0.009 -26"><span class='ocrx_word' id='word_1_92' title='bbox 235 1133 360 1168; x_wconf 82' lang='lat' dir='ltr'>tissimi</span> <span class='ocrx_word' id='word_1_93' title='bbox 397 1134 526 1169; x_wconf 88' lang='lat' dir='ltr'>domini</span> <span class='ocrx_word' id='word_1_94' title='bbox 565 1135 782 1179; x_wconf 84' lang='lat' dir='ltr'>imperatoris</span> <span class='ocrx_word' id='word_1_95' title='bbox 808 1137 997 1172; x_wconf 85' lang='lat' dir='ltr'>Messinam</span> <span class='ocrx_word' id='word_1_96' title='bbox 1035 1139 1131 1173; x_wconf 89' lang='lat' dir='ltr'>missi</span> <span class='ocrx_word' id='word_1_97' title='bbox 1159 1140 1202 1174; x_wconf 82' lang='lat' dir='ltr'>ad</span> <span class='ocrx_word' id='word_1_98' title='bbox 1239 1142 1459 1184; x_wconf 80' lang='lat' dir='ltr'>presenciam</span> <span class='ocrx_word' id='word_1_99' title='bbox 1496 1143 1579 1178; x_wconf 78' lang='lat' dir='ltr'>dicti</span> <span class='ocrx_word' id='word_1_100' title='bbox 1604 1145 1733 1180; x_wconf 87' lang='lat' dir='ltr'>domini</span> <span class='ocrx_word' id='word_1_101' title='bbox 1770 1148 1860 1193; x_wconf 83' lang='lat' dir='ltr'>regis</span> 
     </span>
     <span class='ocr_line' id='line_1_14' title="bbox 233 1192 414 1227; baseline 0.006 -1"><span class='ocrx_word' id='word_1_102' title='bbox 233 1192 414 1227; x_wconf 85' lang='lat' dir='ltr'>Friderici.</span> 
     </span>
    </p>

    <p class='ocr_par' dir='ltr' id='par_1_4' title="bbox 233 1264 1860 1378">
     <span class='ocr_line' id='line_1_15' title="bbox 377 1264 1860 1319; baseline 0.009 -22"><span class='ocrx_word' id='word_1_103' title='bbox 377 1264 557 1299; x_wconf 82' lang='lat' dir='ltr'>Friedrich</span> <span class='ocrx_word' id='word_1_104' title='bbox 585 1265 758 1300; x_wconf 86' lang='lat' dir='ltr'>bekundet</span> <span class='ocrx_word' id='word_1_105' title='bbox 782 1277 839 1300; x_wconf 87' lang='lat' dir='ltr'>am</span> <span class='ocrx_word' id='word_1_106' title='bbox 856 1266 1008 1305; x_wconf 83' lang='lat' dir='ltr'>Schluss.</span> <span class='ocrx_word' id='word_1_107' title='bbox 1036 1269 1114 1303; x_wconf 84' lang='lat' dir='ltr'>dass</span> <span class='ocrx_word' id='word_1_108' title='bbox 1141 1280 1179 1303; x_wconf 90' lang='lat' dir='ltr'>er</span> <span class='ocrx_word' id='word_1_109' title='bbox 1204 1270 1282 1304; x_wconf 88' lang='lat' dir='ltr'>kein</span> <span class='ocrx_word' id='word_1_110' title='bbox 1300 1271 1492 1306; x_wconf 87' lang='lat' dir='ltr'>dominium</span> <span class='ocrx_word' id='word_1_111' title='bbox 1518 1273 1617 1308; x_wconf 88' lang='lat' dir='ltr'>wolle</span> <span class='ocrx_word' id='word_1_112' title='bbox 1642 1275 1679 1308; x_wconf 89' lang='lat' dir='ltr'>in</span> <span class='ocrx_word' id='word_1_113' title='bbox 1703 1277 1860 1319; x_wconf 82' lang='lat' dir='ltr'>partibus</span> 
     </span>
     <span class='ocr_line' id='line_1_16' title="bbox 233 1321 1859 1378; baseline 0.009 -23"><span class='ocrx_word' id='word_1_114' title='bbox 233 1321 400 1357; x_wconf 87' lang='lat' dir='ltr'>Romanie</span> <span class='ocrx_word' id='word_1_115' title='bbox 426 1324 576 1358; x_wconf 79' lang='lat' dir='ltr'>sondeni</span> <span class='ocrx_word' id='word_1_116' title='bbox 612 1336 680 1358; x_wconf 80' lang='lat' dir='ltr'>nur</span> <span class='ocrx_word' id='word_1_117' title='bbox 710 1325 765 1359; x_wconf 92' lang='lat' dir='ltr'>die</span> <span class='ocrx_word' id='word_1_118' title='bbox 790 1326 999 1361; x_wconf 70' lang='lat' dir='ltr'>Henschaft</span> <span class='ocrx_word' id='word_1_119' title='bbox 1035 1328 1123 1362; x_wconf 79' lang='lat' dir='ltr'>iiber</span> <span class='ocrx_word' id='word_1_120' title='bbox 1156 1328 1212 1362; x_wconf 86' lang='lat' dir='ltr'>die</span> <span class='ocrx_word' id='word_1_121' title='bbox 1237 1329 1434 1373; x_wconf 80' lang='lat' dir='ltr'>Mitglieder</span> <span class='ocrx_word' id='word_1_122' title='bbox 1470 1331 1532 1365; x_wconf 88' lang='lat' dir='ltr'>der</span> <span class='ocrx_word' id='word_1_123' title='bbox 1562 1332 1788 1378; x_wconf 79' lang='lat' dir='ltr'>Kompagnie.</span> <span class='ocrx_word' id='word_1_124' title='bbox 1816 1357 1859 1361; x_wconf 91' lang='lat'>—-</span> 
     </span>
    </p>
   </div>
   <div class='ocr_carea' id='block_1_3' title="bbox 229 1374 1858 1496">
    <p class='ocr_par' dir='ltr' id='par_1_5' title="bbox 229 1374 1858 1496">
     <span class='ocr_line' id='line_1_17' title="bbox 233 1374 1858 1429; baseline 0.009 -15"><span class='ocrx_word' id='word_1_125' title='bbox 233 1374 331 1415; x_wconf 70' lang='lat' dir='ltr'>Uber</span> <span class='ocrx_word' id='word_1_126' title='bbox 355 1383 474 1416; x_wconf 82' lang='lat' dir='ltr'>Simon</span> <span class='ocrx_word' id='word_1_127' title='bbox 499 1382 650 1427; x_wconf 85' lang='lat' dir='ltr'>Philippi</span> <span class='ocrx_word' id='word_1_128' title='bbox 682 1385 723 1418; x_wconf 90' lang='lat' dir='ltr'>de</span> <span class='ocrx_word' id='word_1_129' title='bbox 756 1385 795 1419; x_wconf 81' lang='lat' dir='ltr'>R.</span> <span class='ocrx_word' id='word_1_130' title='bbox 822 1385 1035 1420; x_wconf 82' lang='lat' dir='ltr'>Vertrauten</span> <span class='ocrx_word' id='word_1_131' title='bbox 1071 1387 1255 1422; x_wconf 83' lang='lat' dir='ltr'>Heinrichs</span> <span class='ocrx_word' id='word_1_132' title='bbox 1281 1389 1360 1423; x_wconf 83' lang='lat' dir='ltr'>VII.</span> <span class='ocrx_word' id='word_1_133' title='bbox 1393 1391 1464 1424; x_wconf 88' lang='lat' dir='ltr'>und</span> <span class='ocrx_word' id='word_1_134' title='bbox 1495 1391 1563 1425; x_wconf 79' lang='lat' dir='ltr'>Rat</span> <span class='ocrx_word' id='word_1_135' title='bbox 1593 1392 1653 1427; x_wconf 89' lang='lat' dir='ltr'>des</span> <span class='ocrx_word' id='word_1_136' title='bbox 1683 1393 1858 1429; x_wconf 75' lang='lat' dir='ltr'>Bohmen-</span> 
     </span>
     <span class='ocr_line' id='line_1_18' title="bbox 229 1440 1763 1496; baseline 0.008 -23"><span class='ocrx_word' id='word_1_137' title='bbox 229 1440 349 1485; x_wconf 75' lang='lat' dir='ltr'>konigs</span> <span class='ocrx_word' id='word_1_138' title='bbox 374 1441 514 1475; x_wconf 84' lang='lat' dir='ltr'>Johann</span> <span class='ocrx_word' id='word_1_139' title='bbox 538 1442 605 1487; x_wconf 75' lang='lat' dir='ltr'>vgl.</span> <span class='ocrx_word' id='word_1_140' title='bbox 632 1455 666 1477; x_wconf 79' lang='lat' dir='ltr'>U.</span> <span class='ocrx_word' id='word_1_141' title='bbox 693 1454 722 1478; x_wconf 85' lang='lat' dir='ltr'>a.</span> <span class='ocrx_word' id='word_1_142' title='bbox 749 1444 906 1487; x_wconf 68' lang='lat' dir='ltr'>Bonaim&#39;,</span> <span class='ocrx_word' id='word_1_143' title='bbox 933 1447 1022 1480; x_wconf 82' lang='lat' dir='ltr'>Acta</span> <span class='ocrx_word' id='word_1_144' title='bbox 1047 1447 1118 1480; x_wconf 89' lang='lat' dir='ltr'>und</span> <span class='ocrx_word' id='word_1_145' title='bbox 1142 1447 1290 1491; x_wconf 78' lang='lat' dir='ltr'>Riezler7</span> <span class='ocrx_word' id='word_1_146' title='bbox 1318 1449 1429 1483; x_wconf 79' lang='lat' dir='ltr'>Vatik.</span> <span class='ocrx_word' id='word_1_147' title='bbox 1456 1450 1569 1484; x_wconf 82' lang='lat' dir='ltr'>Akten</span> <span class='ocrx_word' id='word_1_148' title='bbox 1594 1451 1763 1496; x_wconf 80' lang='lat' dir='ltr'>Register.</span> 
     </span>
    </p>
   </div>
   <div class='ocr_carea' id='block_1_4' title="bbox 229 1513 1860 1685">
    <p class='ocr_par' dir='ltr' id='par_1_6' title="bbox 229 1513 1860 1685">
     <span class='ocr_line' id='line_1_19' title="bbox 373 1513 1860 1567; baseline 0.009 -22"><span class='ocrx_word' id='word_1_149' title='bbox 373 1514 445 1546; x_wconf 81' lang='lat' dir='ltr'>Aus</span> <span class='ocrx_word' id='word_1_150' title='bbox 471 1513 550 1547; x_wconf 88' lang='lat' dir='ltr'>dem</span> <span class='ocrx_word' id='word_1_151' title='bbox 575 1514 682 1548; x_wconf 84' lang='lat' dir='ltr'>Jahre</span> <span class='ocrx_word' id='word_1_152' title='bbox 709 1514 797 1548; x_wconf 83' lang='lat'>1321</span> <span class='ocrx_word' id='word_1_153' title='bbox 832 1515 916 1560; x_wconf 78' lang='lat' dir='ltr'>fuge</span> <span class='ocrx_word' id='word_1_154' title='bbox 941 1516 998 1550; x_wconf 87' lang='lat' dir='ltr'>ich</span> <span class='ocrx_word' id='word_1_155' title='bbox 1025 1516 1101 1551; x_wconf 86' lang='lat' dir='ltr'>eine</span> <span class='ocrx_word' id='word_1_156' title='bbox 1127 1518 1385 1554; x_wconf 83' lang='lat' dir='ltr'>Proklamation</span> <span class='ocrx_word' id='word_1_157' title='bbox 1409 1531 1463 1563; x_wconf 72' lang='lat' dir='ltr'>an,</span> <span class='ocrx_word' id='word_1_158' title='bbox 1497 1522 1551 1556; x_wconf 88' lang='lat' dir='ltr'>die</span> <span class='ocrx_word' id='word_1_159' title='bbox 1583 1523 1696 1567; x_wconf 77' lang='lat' dir='ltr'>Konig</span> <span class='ocrx_word' id='word_1_160' title='bbox 1729 1524 1860 1559; x_wconf 84' lang='lat' dir='ltr'>Robert</span> 
     </span>
     <span class='ocr_line' id='line_1_20' title="bbox 229 1570 1859 1622; baseline 0.01 -19"><span class='ocrx_word' id='word_1_161' title='bbox 229 1580 275 1603; x_wconf 87' lang='lat' dir='ltr'>an</span> <span class='ocrx_word' id='word_1_162' title='bbox 307 1570 373 1604; x_wconf 85' lang='lat' dir='ltr'>alle</span> <span class='ocrx_word' id='word_1_163' title='bbox 406 1571 538 1615; x_wconf 69' lang='lat' dir='ltr'>erliess,</span> <span class='ocrx_word' id='word_1_164' title='bbox 578 1573 632 1606; x_wconf 89' lang='lat' dir='ltr'>die</span> <span class='ocrx_word' id='word_1_165' title='bbox 660 1574 867 1617; x_wconf 84' lang='lat' dir='ltr'>Anspriiche</span> <span class='ocrx_word' id='word_1_166' title='bbox 904 1585 947 1608; x_wconf 83' lang='lat' dir='ltr'>an</span> <span class='ocrx_word' id='word_1_167' title='bbox 980 1575 1047 1609; x_wconf 89' lang='lat' dir='ltr'>den</span> <span class='ocrx_word' id='word_1_168' title='bbox 1073 1576 1250 1621; x_wconf 82' lang='lat' dir='ltr'>Prinzipat</span> <span class='ocrx_word' id='word_1_169' title='bbox 1274 1578 1418 1622; x_wconf 70' lang='lat' dir='ltr'>Achaya</span> <span class='ocrx_word' id='word_1_170' title='bbox 1450 1580 1613 1616; x_wconf 87' lang='lat' dir='ltr'>erheben.</span> <span class='ocrx_word' id='word_1_171' title='bbox 1662 1582 1718 1617; x_wconf 86' lang='lat' dir='ltr'>Sie</span> <span class='ocrx_word' id='word_1_172' title='bbox 1750 1584 1859 1619; x_wconf 89' lang='lat' dir='ltr'>sollen</span> 
     </span>
     <span class='ocr_line' id='line_1_21' title="bbox 231 1629 1856 1685; baseline 0.009 -22"><span class='ocrx_word' id='word_1_173' title='bbox 231 1629 305 1664; x_wconf 89' lang='lat' dir='ltr'>sich</span> <span class='ocrx_word' id='word_1_174' title='bbox 323 1629 375 1664; x_wconf 90' lang='lat' dir='ltr'>bis</span> <span class='ocrx_word' id='word_1_175' title='bbox 393 1641 472 1664; x_wconf 86' lang='lat' dir='ltr'>zum</span> <span class='ocrx_word' id='word_1_176' title='bbox 492 1633 545 1668; x_wconf 82' lang='lat'>15.</span> <span class='ocrx_word' id='word_1_177' title='bbox 561 1631 767 1676; x_wconf 83' lang='lat' dir='ltr'>September</span> <span class='ocrx_word' id='word_1_178' title='bbox 782 1632 933 1668; x_wconf 87' lang='lat' dir='ltr'>melden.</span> <span class='ocrx_word' id='word_1_179' title='bbox 959 1634 1030 1669; x_wconf 87' lang='lat' dir='ltr'>Das</span> <span class='ocrx_word' id='word_1_180' title='bbox 1049 1635 1157 1670; x_wconf 78' lang='lat' dir='ltr'>Stuck</span> <span class='ocrx_word' id='word_1_181' title='bbox 1174 1636 1301 1671; x_wconf 87' lang='lat' dir='ltr'>richtet</span> <span class='ocrx_word' id='word_1_182' title='bbox 1317 1638 1392 1672; x_wconf 88' lang='lat' dir='ltr'>sich</span> <span class='ocrx_word' id='word_1_183' title='bbox 1408 1650 1520 1684; x_wconf 82' lang='lat' dir='ltr'>gegen</span> <span class='ocrx_word' id='word_1_184' title='bbox 1537 1641 1649 1685; x_wconf 73' lang='lat' dir='ltr'>Konig</span> <span class='ocrx_word' id='word_1_185' title='bbox 1661 1642 1856 1678; x_wconf 82' lang='lat' dir='ltr'>Friedrich:</span> 
     </span>
    </p>
   </div>
   <div class='ocr_carea' id='block_1_5' title="bbox 227 1715 1857 2749">
    <p class='ocr_par' dir='ltr' id='par_1_7' title="bbox 227 1715 1857 2749">
     <span class='ocr_line' id='line_1_22' title="bbox 430 1715 1857 1772; baseline 0.01 -16"><span class='ocrx_word' id='word_1_186' title='bbox 430 1749 437 1756; x_wconf 90' lang='lat'><strong>.</strong></span> <span class='ocrx_word' id='word_1_187' title='bbox 484 1749 492 1756; x_wconf 91' lang='lat'>.</span> <span class='ocrx_word' id='word_1_188' title='bbox 527 1715 806 1772; x_wconf 81' lang='lat' dir='ltr'>Principales</span> <span class='ocrx_word' id='word_1_189' title='bbox 841 1718 958 1760; x_wconf 88' lang='lat' dir='ltr'>enim</span> <span class='ocrx_word' id='word_1_190' title='bbox 994 1721 1245 1763; x_wconf 85' lang='lat' dir='ltr'>adversarii</span> <span class='ocrx_word' id='word_1_191' title='bbox 1283 1725 1439 1765; x_wconf 90' lang='lat' dir='ltr'>sancte</span> <span class='ocrx_word' id='word_1_192' title='bbox 1478 1725 1638 1767; x_wconf 87' lang='lat' dir='ltr'>matris</span> <span class='ocrx_word' id='word_1_193' title='bbox 1673 1726 1857 1770; x_wconf 91' lang='lat' dir='ltr'>ecclesie</span> 
     </span>
     <span class='ocr_line' id='line_1_23' title="bbox 234 1786 1855 1851; baseline 0.009 -25"><span class='ocrx_word' id='word_1_194' title='bbox 234 1786 468 1841; x_wconf 86' lang='lat' dir='ltr'>nostrique</span> <span class='ocrx_word' id='word_1_195' title='bbox 523 1787 769 1830; x_wconf 87' lang='lat' dir='ltr'>scismatici</span> <span class='ocrx_word' id='word_1_196' title='bbox 817 1789 1064 1833; x_wconf 79' lang='lat' dir='ltr'>exercitum</span> <span class='ocrx_word' id='word_1_197' title='bbox 1112 1805 1403 1835; x_wconf 88' lang='lat' dir='ltr'>numerosum</span> <span class='ocrx_word' id='word_1_198' title='bbox 1455 1801 1705 1851; x_wconf 86' lang='lat' dir='ltr'>preparant</span> <span class='ocrx_word' id='word_1_199' title='bbox 1754 1811 1855 1840; x_wconf 89' lang='lat' dir='ltr'>cum</span> 
     </span>
     <span class='ocr_line' id='line_1_24' title="bbox 230 1857 1856 1920; baseline 0.009 -23"><span class='ocrx_word' id='word_1_200' title='bbox 230 1858 354 1897; x_wconf 90' lang='lat' dir='ltr'>certo</span> <span class='ocrx_word' id='word_1_201' title='bbox 400 1857 534 1899; x_wconf 89' lang='lat' dir='ltr'>stolio</span> <span class='ocrx_word' id='word_1_202' title='bbox 576 1858 841 1913; x_wconf 84' lang='lat' dir='ltr'>gualearum</span> <span class='ocrx_word' id='word_1_203' title='bbox 887 1861 945 1902; x_wconf 90' lang='lat' dir='ltr'>ad</span> <span class='ocrx_word' id='word_1_204' title='bbox 977 1861 1150 1904; x_wconf 87' lang='lat' dir='ltr'>dictum</span> <span class='ocrx_word' id='word_1_205' title='bbox 1188 1862 1495 1920; x_wconf 89' lang='lat' dir='ltr'>principatum</span> <span class='ocrx_word' id='word_1_206' title='bbox 1530 1880 1629 1908; x_wconf 91' lang='lat' dir='ltr'>cum</span> <span class='ocrx_word' id='word_1_207' title='bbox 1663 1868 1758 1912; x_wconf 89' lang='lat' dir='ltr'>suis</span> <span class='ocrx_word' id='word_1_208' title='bbox 1791 1869 1856 1911; x_wconf 90' lang='lat' dir='ltr'>ibi</span> 
     </span>
     <span class='ocr_line' id='line_1_25' title="bbox 230 1925 1856 1994; baseline 0.01 -28"><span class='ocrx_word' id='word_1_209' title='bbox 230 1925 388 1968; x_wconf 88' lang='lat' dir='ltr'>incolis</span> <span class='ocrx_word' id='word_1_210' title='bbox 432 1928 765 1984; x_wconf 82' lang='lat' dir='ltr'>subiugandum</span> <span class='ocrx_word' id='word_1_211' title='bbox 813 1934 855 1972; x_wconf 88' lang='lat' dir='ltr'>et</span> <span class='ocrx_word' id='word_1_212' title='bbox 901 1935 1036 1974; x_wconf 88' lang='lat' dir='ltr'>natus</span> <span class='ocrx_word' id='word_1_213' title='bbox 1076 1933 1246 1975; x_wconf 89' lang='lat' dir='ltr'>domini</span> <span class='ocrx_word' id='word_1_214' title='bbox 1277 1934 1504 1977; x_wconf 90' lang='lat' dir='ltr'>Frederici</span> <span class='ocrx_word' id='word_1_215' title='bbox 1536 1937 1589 1979; x_wconf 91' lang='lat' dir='ltr'>de</span> <span class='ocrx_word' id='word_1_216' title='bbox 1620 1938 1856 1994; x_wconf 83' lang='lat' dir='ltr'>Aragonia</span> 
     </span>
     <span class='ocr_line' id='line_1_26' title="bbox 232 1996 1853 2065; baseline 0.009 -27"><span class='ocrx_word' id='word_1_217' title='bbox 232 1996 375 2039; x_wconf 88' lang='lat' dir='ltr'>hostis</span> <span class='ocrx_word' id='word_1_218' title='bbox 414 1999 560 2040; x_wconf 87' lang='lat' dir='ltr'>nostri</span> <span class='ocrx_word' id='word_1_219' title='bbox 593 2013 692 2041; x_wconf 90' lang='lat' dir='ltr'>cum</span> <span class='ocrx_word' id='word_1_220' title='bbox 725 2001 943 2044; x_wconf 90' lang='lat' dir='ltr'>societate</span> <span class='ocrx_word' id='word_1_221' title='bbox 981 2002 1163 2046; x_wconf 88' lang='lat' dir='ltr'>funesta</span> <span class='ocrx_word' id='word_1_222' title='bbox 1194 2004 1338 2060; x_wconf 86' lang='lat' dir='ltr'>ipsius</span> <span class='ocrx_word' id='word_1_223' title='bbox 1377 2007 1661 2063; x_wconf 85' lang='lat' dir='ltr'>principatus</span> <span class='ocrx_word' id='word_1_224' title='bbox 1699 2014 1853 2065; x_wconf 88' lang='lat' dir='ltr'>partes</span> 
     </span>
     <span class='ocr_line' id='line_1_27' title="bbox 231 2069 1853 2132; baseline 0.009 -24"><span class='ocrx_word' id='word_1_225' title='bbox 231 2080 452 2123; x_wconf 88' lang='lat' dir='ltr'>occupare</span> <span class='ocrx_word' id='word_1_226' title='bbox 497 2069 659 2112; x_wconf 85' lang='lat' dir='ltr'>nititur</span> <span class='ocrx_word' id='word_1_227' title='bbox 704 2071 833 2114; x_wconf 82' lang='lat' dir='ltr'>iuxta</span> <span class='ocrx_word' id='word_1_228' title='bbox 878 2085 1026 2128; x_wconf 87' lang='lat' dir='ltr'>posse.</span> <span class='ocrx_word' id='word_1_229' title='bbox 1106 2073 1332 2126; x_wconf 80' lang='lat' dir='ltr'>Quocirca</span> <span class='ocrx_word' id='word_1_230' title='bbox 1372 2077 1507 2132; x_wconf 90' lang='lat' dir='ltr'>plena</span> <span class='ocrx_word' id='word_1_231' title='bbox 1549 2092 1649 2121; x_wconf 87' lang='lat' dir='ltr'>cum</span> <span class='ocrx_word' id='word_1_232' title='bbox 1688 2081 1853 2123; x_wconf 90' lang='lat' dir='ltr'>delibe-</span> 
     </span>
     <span class='ocr_line' id='line_1_28' title="bbox 230 2137 1852 2208; baseline 0.01 -30"><span class='ocrx_word' id='word_1_233' title='bbox 230 2137 411 2180; x_wconf 86' lang='lat' dir='ltr'>racione</span> <span class='ocrx_word' id='word_1_234' title='bbox 442 2141 723 2195; x_wconf 80' lang='lat' dir='ltr'>providimus</span> <span class='ocrx_word' id='word_1_235' title='bbox 750 2156 832 2198; x_wconf 92' lang='lat' dir='ltr'>per</span> <span class='ocrx_word' id='word_1_236' title='bbox 862 2144 946 2186; x_wconf 90' lang='lat' dir='ltr'>hoc</span> <span class='ocrx_word' id='word_1_237' title='bbox 971 2145 1166 2188; x_wconf 89' lang='lat' dir='ltr'>edictum</span> <span class='ocrx_word' id='word_1_238' title='bbox 1200 2146 1385 2189; x_wconf 80' lang='lat' dir='ltr'>affixum</span> <span class='ocrx_word' id='word_1_239' title='bbox 1419 2149 1598 2204; x_wconf 88' lang='lat' dir='ltr'>publice</span> <span class='ocrx_word' id='word_1_240' title='bbox 1630 2151 1677 2193; x_wconf 91' lang='lat' dir='ltr'>in</span> <span class='ocrx_word' id='word_1_241' title='bbox 1707 2152 1852 2208; x_wconf 89' lang='lat' dir='ltr'>portis</span> 
     </span>
     <span class='ocr_line' id='line_1_29' title="bbox 231 2208 1853 2266; baseline 0.01 -17"><span class='ocrx_word' id='word_1_242' title='bbox 231 2208 428 2251; x_wconf 85' lang='lat' dir='ltr'>civitatis</span> <span class='ocrx_word' id='word_1_243' title='bbox 469 2214 622 2253; x_wconf 87' lang='lat' dir='ltr'>nostre</span> <span class='ocrx_word' id='word_1_244' title='bbox 663 2213 988 2257; x_wconf 85' lang='lat' dir='ltr'>Auinionensis</span> <span class='ocrx_word' id='word_1_245' title='bbox 1029 2217 1216 2259; x_wconf 88' lang='lat' dir='ltr'>maioris</span> <span class='ocrx_word' id='word_1_246' title='bbox 1255 2218 1439 2261; x_wconf 86' lang='lat' dir='ltr'>ecclesie</span> <span class='ocrx_word' id='word_1_247' title='bbox 1473 2223 1516 2262; x_wconf 92' lang='lat' dir='ltr'>et</span> <span class='ocrx_word' id='word_1_248' title='bbox 1549 2222 1733 2265; x_wconf 90' lang='lat' dir='ltr'>ecclesie</span> <span class='ocrx_word' id='word_1_249' title='bbox 1764 2222 1853 2266; x_wconf 87' lang='lat' dir='ltr'>loci</span> 
     </span>
     <span class='ocr_line' id='line_1_30' title="bbox 228 2279 1850 2347; baseline 0.01 -28"><span class='ocrx_word' id='word_1_250' title='bbox 228 2279 569 2323; x_wconf 87' lang='lat' dir='ltr'>Predicatorum</span> <span class='ocrx_word' id='word_1_251' title='bbox 618 2285 661 2324; x_wconf 92' lang='lat' dir='ltr'>et</span> <span class='ocrx_word' id='word_1_252' title='bbox 706 2284 752 2326; x_wconf 93' lang='lat' dir='ltr'>in</span> <span class='ocrx_word' id='word_1_253' title='bbox 796 2285 969 2340; x_wconf 89' lang='lat' dir='ltr'>palatio</span> <span class='ocrx_word' id='word_1_254' title='bbox 1017 2287 1139 2329; x_wconf 90' lang='lat' dir='ltr'>curie</span> <span class='ocrx_word' id='word_1_255' title='bbox 1186 2292 1339 2331; x_wconf 88' lang='lat' dir='ltr'>nostre</span> <span class='ocrx_word' id='word_1_256' title='bbox 1397 2290 1595 2334; x_wconf 86' lang='lat' dir='ltr'>civitatis</span> <span class='ocrx_word' id='word_1_257' title='bbox 1638 2292 1850 2347; x_wconf 84' lang='lat' dir='ltr'>eiusdem,</span> 
     </span>
     <span class='ocr_line' id='line_1_31' title="bbox 232 2351 1849 2418; baseline 0.01 -27"><span class='ocrx_word' id='word_1_258' title='bbox 232 2351 351 2405; x_wconf 88' lang='lat' dir='ltr'>quod</span> <span class='ocrx_word' id='word_1_259' title='bbox 377 2353 528 2406; x_wconf 85' lang='lat' dir='ltr'>potest</span> <span class='ocrx_word' id='word_1_260' title='bbox 561 2353 744 2396; x_wconf 88' lang='lat' dir='ltr'>cuilibet</span> <span class='ocrx_word' id='word_1_261' title='bbox 770 2356 1093 2408; x_wconf 88' lang='lat' dir='ltr'>verosimiliter</span> <span class='ocrx_word' id='word_1_262' title='bbox 1122 2372 1205 2415; x_wconf 90' lang='lat' dir='ltr'>per</span> <span class='ocrx_word' id='word_1_263' title='bbox 1230 2373 1277 2402; x_wconf 90' lang='lat' dir='ltr'>se</span> <span class='ocrx_word' id='word_1_264' title='bbox 1303 2360 1371 2402; x_wconf 87' lang='lat' dir='ltr'>vel</span> <span class='ocrx_word' id='word_1_265' title='bbox 1398 2361 1537 2403; x_wconf 88' lang='lat' dir='ltr'>alium</span> <span class='ocrx_word' id='word_1_266' title='bbox 1561 2376 1657 2405; x_wconf 90' lang='lat' dir='ltr'>esse</span> <span class='ocrx_word' id='word_1_267' title='bbox 1679 2367 1849 2418; x_wconf 82' lang='lat' dir='ltr'>notum,</span> 
     </span>
     <span class='ocr_line' id='line_1_32' title="bbox 230 2422 1850 2487; baseline 0.009 -24"><span class='ocrx_word' id='word_1_268' title='bbox 230 2434 331 2463; x_wconf 89' lang='lat' dir='ltr'>cum</span> <span class='ocrx_word' id='word_1_269' title='bbox 377 2422 433 2463; x_wconf 89' lang='lat' dir='ltr'>ad</span> <span class='ocrx_word' id='word_1_270' title='bbox 465 2422 716 2466; x_wconf 87' lang='lat' dir='ltr'>Romanam</span> <span class='ocrx_word' id='word_1_271' title='bbox 760 2426 932 2469; x_wconf 90' lang='lat' dir='ltr'>curiam</span> <span class='ocrx_word' id='word_1_272' title='bbox 975 2428 1246 2471; x_wconf 90' lang='lat' dir='ltr'>residentem</span> <span class='ocrx_word' id='word_1_273' title='bbox 1281 2431 1338 2472; x_wconf 87' lang='lat' dir='ltr'>ad</span> <span class='ocrx_word' id='word_1_274' title='bbox 1369 2445 1556 2487; x_wconf 88' lang='lat' dir='ltr'>presens</span> <span class='ocrx_word' id='word_1_275' title='bbox 1588 2433 1634 2475; x_wconf 91' lang='lat' dir='ltr'>in</span> <span class='ocrx_word' id='word_1_276' title='bbox 1667 2435 1850 2477; x_wconf 75' lang='lat' dir='ltr'>civitate</span> 
     </span>
     <span class='ocr_line' id='line_1_33' title="bbox 230 2491 1848 2559; baseline 0.011 -28"><span class='ocrx_word' id='word_1_277' title='bbox 230 2491 409 2546; x_wconf 88' lang='lat' dir='ltr'>prefata</span> <span class='ocrx_word' id='word_1_278' title='bbox 436 2496 593 2547; x_wconf 81' lang='lat' dir='ltr'>gentes</span> <span class='ocrx_word' id='word_1_279' title='bbox 616 2494 800 2537; x_wconf 72' lang='lat' dir='ltr'>veniant</span> <span class='ocrx_word' id='word_1_280' title='bbox 830 2499 872 2538; x_wconf 87' lang='lat' dir='ltr'>et</span> <span class='ocrx_word' id='word_1_281' title='bbox 893 2497 996 2539; x_wconf 91' lang='lat' dir='ltr'>inde</span> <span class='ocrx_word' id='word_1_282' title='bbox 1018 2500 1232 2542; x_wconf 84' lang='lat' dir='ltr'>recedant</span> <span class='ocrx_word' id='word_1_283' title='bbox 1265 2535 1273 2542; x_wconf 91' lang='lat'><strong>.</strong></span> <span class='ocrx_word' id='word_1_284' title='bbox 1300 2535 1307 2542; x_wconf 92' lang='lat'><strong>.</strong></span> <span class='ocrx_word' id='word_1_285' title='bbox 1334 2536 1341 2543; x_wconf 92' lang='lat'>.</span> <span class='ocrx_word' id='word_1_286' title='bbox 1371 2503 1610 2546; x_wconf 84' lang='lat' dir='ltr'>cuiuslibet</span> <span class='ocrx_word' id='word_1_287' title='bbox 1631 2505 1848 2559; x_wconf 80' lang='lat' dir='ltr'>nacionis,</span> 
     </span>
     <span class='ocr_line' id='line_1_34' title="bbox 228 2563 1848 2621; baseline 0.01 -19"><span class='ocrx_word' id='word_1_288' title='bbox 228 2563 283 2604; x_wconf 88' lang='lat' dir='ltr'>de</span> <span class='ocrx_word' id='word_1_289' title='bbox 315 2566 571 2617; x_wconf 82' lang='lat' dir='ltr'>opportuno</span> <span class='ocrx_word' id='word_1_290' title='bbox 598 2566 795 2608; x_wconf 87' lang='lat' dir='ltr'>remedio</span> <span class='ocrx_word' id='word_1_291' title='bbox 822 2568 1072 2621; x_wconf 86' lang='lat' dir='ltr'>providere.</span> <span class='ocrx_word' id='word_1_292' title='bbox 1117 2571 1220 2612; x_wconf 87' lang='lat' dir='ltr'>Dat.</span> <span class='ocrx_word' id='word_1_293' title='bbox 1245 2571 1484 2616; x_wconf 88' lang='lat' dir='ltr'>millesimo</span> <span class='ocrx_word' id='word_1_294' title='bbox 1508 2576 1848 2619; x_wconf 87' lang='lat' dir='ltr'>trecentessimo</span> 
     </span>
     <span class='ocr_line' id='line_1_35' title="bbox 227 2632 1847 2702; baseline 0.01 -29"><span class='ocrx_word' id='word_1_295' title='bbox 227 2632 466 2674; x_wconf 85' lang='lat' dir='ltr'>vicessimo</span> <span class='ocrx_word' id='word_1_296' title='bbox 510 2634 672 2689; x_wconf 75' lang='lat' dir='ltr'>primo,</span> <span class='ocrx_word' id='word_1_297' title='bbox 723 2636 792 2677; x_wconf 89' lang='lat' dir='ltr'>die</span> <span class='ocrx_word' id='word_1_298' title='bbox 836 2637 958 2679; x_wconf 90' lang='lat' dir='ltr'>XXI.</span> <span class='ocrx_word' id='word_1_299' title='bbox 994 2639 1124 2693; x_wconf 79' lang='lat' dir='ltr'>Julii,</span> <span class='ocrx_word' id='word_1_300' title='bbox 1169 2641 1414 2685; x_wconf 89' lang='lat' dir='ltr'>indictione</span> <span class='ocrx_word' id='word_1_301' title='bbox 1459 2648 1642 2699; x_wconf 77' lang='lat' dir='ltr'>quarta,</span> <span class='ocrx_word' id='word_1_302' title='bbox 1688 2660 1847 2702; x_wconf 85' lang='lat' dir='ltr'>regno-</span> 
     </span>
     <span class='ocr_line' id='line_1_36' title="bbox 228 2707 928 2749; baseline 0.007 -5"><span class='ocrx_word' id='word_1_303' title='bbox 228 2717 328 2745; x_wconf 88' lang='lat' dir='ltr'>rum</span> <span class='ocrx_word' id='word_1_304' title='bbox 362 2707 622 2746; x_wconf 85' lang='lat' dir='ltr'>nostrorum</span> <span class='ocrx_word' id='word_1_305' title='bbox 657 2719 772 2748; x_wconf 92' lang='lat' dir='ltr'>anno</span> <span class='ocrx_word' id='word_1_306' title='bbox 804 2707 928 2749; x_wconf 86' lang='lat' dir='ltr'>XIII.</span> 
     </span>
    </p>
   </div>
   <div class='ocr_carea' id='block_1_6' title="bbox 223 2796 1844 2900">
    <p class='ocr_par' dir='ltr' id='par_1_8' title="bbox 223 2796 1844 2900">
     <span class='ocr_line' id='line_1_37' title="bbox 368 2796 1844 2851; baseline 0.008 -19"><span class='ocrx_word' id='word_1_307' title='bbox 368 2796 458 2832; x_wconf 90' lang='lat' dir='ltr'>CRD</span> <span class='ocrx_word' id='word_1_308' title='bbox 485 2796 587 2832; x_wconf 79' lang='lat'>9868.</span> <span class='ocrx_word' id='word_1_309' title='bbox 637 2798 708 2832; x_wconf 83' lang='lat' dir='ltr'>Das</span> <span class='ocrx_word' id='word_1_310' title='bbox 739 2798 846 2833; x_wconf 81' lang='lat' dir='ltr'>Stiick</span> <span class='ocrx_word' id='word_1_311' title='bbox 879 2800 1001 2835; x_wconf 84' lang='lat' dir='ltr'>sendet</span> <span class='ocrx_word' id='word_1_312' title='bbox 1038 2803 1072 2836; x_wconf 91' lang='lat' dir='ltr'>in</span> <span class='ocrx_word' id='word_1_313' title='bbox 1100 2803 1283 2839; x_wconf 77' lang='lat' dir='ltr'>Abschrift</span> <span class='ocrx_word' id='word_1_314' title='bbox 1318 2806 1401 2850; x_wconf 85' lang='lat' dir='ltr'>Pap.</span> <span class='ocrx_word' id='word_1_315' title='bbox 1452 2807 1576 2842; x_wconf 86' lang='lat' dir='ltr'>Petrus</span> <span class='ocrx_word' id='word_1_316' title='bbox 1615 2808 1657 2842; x_wconf 90' lang='lat' dir='ltr'>de</span> <span class='ocrx_word' id='word_1_317' title='bbox 1692 2809 1844 2851; x_wconf 45' lang='lat' dir='ltr'>Abbati&amp;</span> 
     </span>
     <span class='ocr_line' id='line_1_38' title="bbox 223 2856 1043 2900; baseline 0.007 -11"><span class='ocrx_word' id='word_1_318' title='bbox 223 2856 509 2900; x_wconf 79' lang='lat' dir='ltr'>aragonesischer</span> <span class='ocrx_word' id='word_1_319' title='bbox 534 2857 744 2892; x_wconf 84' lang='lat' dir='ltr'>Prokurator</span> <span class='ocrx_word' id='word_1_320' title='bbox 769 2869 813 2892; x_wconf 85' lang='lat' dir='ltr'>an</span> <span class='ocrx_word' id='word_1_321' title='bbox 839 2860 900 2893; x_wconf 90' lang='lat' dir='ltr'>der</span> <span class='ocrx_word' id='word_1_322' title='bbox 925 2860 1043 2895; x_wconf 87' lang='lat' dir='ltr'>Kurie.</span> 
     </span>
    </p>
   </div>
   <div class='ocr_carea' id='block_1_7' title="bbox 366 3079 1704 3115">
    <p class='ocr_par' dir='ltr' id='par_1_9' title="bbox 366 3079 1704 3115">
     <span class='ocr_line' id='line_1_39' title="bbox 366 3079 1704 3115; baseline 0.004 -9"><span class='ocrx_word' id='word_1_323' title='bbox 366 3080 499 3115; x_wconf 87' lang='lat' dir='ltr'>Finke,</span> <span class='ocrx_word' id='word_1_324' title='bbox 520 3081 594 3107; x_wconf 83' lang='lat' dir='ltr'>Acta</span> <span class='ocrx_word' id='word_1_325' title='bbox 614 3081 819 3114; x_wconf 76' lang='lat' dir='ltr'>Aragononsia.</span> <span class='ocrx_word' id='word_1_326' title='bbox 1658 3079 1704 3111; x_wconf 79' lang='grc'>44</span> 
     </span>
    </p>
   </div>
  </div>
 </body>
</html>
