2296 3512
858 238 1175 278 —643—

208 366 412 409 Erstattung
443 365 539 398 einer
564 365 706 399 Summe
733 364 858 398 Geldes
889 364 947 397 fur
979 365 1045 398 den
1070 364 1308 409 Markgrafen,
1342 366 1395 399 die
1428 365 1540 399 dieser
1565 377 1608 399 ex
1634 366 1749 399 forma
1772 365 1826 399 in-

208 424 390 459 strumenti
416 423 547 457 dotium
573 423 661 456 bone
687 423 853 456 memorie
878 423 1074 467 B[eatricis]
1101 424 1220 457 uxoris
1246 434 1307 458 sue
1334 436 1377 458 zu
1401 425 1547 459 fordern
1572 424 1642 458 hat.
1670 445 1714 449 —
1734 425 1824 459 1315

206 483 252 516 im
285 484 420 526 August
450 482 602 515 schreibt
632 482 791 515 Bernabo
829 482 871 514 de
903 481 1026 518 Auria,
1064 482 1345 517 viceammiratus
1376 483 1462 517 sacri
1496 483 1630 527 imperii
1662 483 1827 527 Romani,

207 542 292 576 civis
315 541 500 575 Januensis
526 551 569 574 an
593 541 718 584 Jayme
743 540 847 583 (CRD
874 539 995 583 52SO):

349 599 520 643 Civitas
552 601 698 642 Janue
730 602 797 641 est
828 600 874 641 in
908 602 1031 641 statu
1062 613 1282 654 prospero
1317 602 1359 642 et
1392 601 1507 643 bono
1536 615 1616 657 per
1643 603 1825 644 domum

206 675 409 714 nostram
464 673 727 726 ceterosque
781 670 964 713 amicos.
1051 670 1207 725 Aliqui
1261 669 1552 725 Spinularum
1612 675 1828 728 ceperunt

207 743 418 793 bannum,
468 744 512 783 et
561 742 756 794 videtur,
805 742 925 797 quod
971 754 1051 783 rex
1082 741 1308 783 Robertus
1351 742 1458 783 velit
1489 743 1637 784 facere
1669 757 1824 786 eorum

206 813 339 855 facta.
411 812 567 854 Eciam
598 813 791 864 videtur,
835 813 956 868 quod
988 812 1096 853 velit
1127 813 1294 854 habere
1325 811 1522 854 -Januam
1556 827 1638 868 pro
1673 815 1824 869 acqui-

206 884 344 926 rendo
399 881 614 926 Siciliam,
697 883 864 925 Tamen
916 882 1168 925 Januenses
1221 896 1311 925 non
1359 885 1514 925 amant
1554 885 1826 927 naturaliter

206 954 463 1008 segnoriam
497 957 540 996 et
571 955 750 996 videtur
781 954 911 997 nobis
944 954 1110 1005 videre,
1145 954 1266 1009 quod
1299 952 1408 995 facit
1441 955 1628 1008 negocia
1655 956 1826 997 domini

205 1025 362 1067 fratris
395 1025 536 1067 vestri
571 1059 578 1066 .
634 1058 641 1065 .

204 1145 302 1185 407.
337 1142 697 1196 Kardinallegat
734 1142 912 1184 Arnald
951 1142 1202 1196 Pellagrua
1244 1155 1302 1184 an
1343 1141 1553 1184 Clemens
1584 1144 1658 1185 V.:
1692 1144 1825 1196 Weg-

203 1214 371 1256 nahme
412 1226 499 1257 von
542 1213 596 1255 IS
628 1212 831 1256 Schiffen
870 1215 1001 1255 einer
1031 1213 1412 1255 venezianisehen
1443 1213 1720 1256 Hiilfsflotte
1751 1215 1827 1256 bei

203 1285 353 1327 Ponte
383 1285 670 1337 Lagoscur03
702 1284 1024 1337 Verwendung
1068 1284 1313 1326 derselben
1358 1296 1441 1325 zur
1471 1283 1651 1338 Anlage
1695 1286 1828 1327 einer

487 1355 846 1399 Schiffsbriieke.
908 1355 1121 1408 Bologna
1152 1353 1314 1410 (1309)
1346 1355 1447 1398 Juli
1479 1354 1553 1396 30.

343 1437 614 1480 Beatissimo
657 1437 778 1493 patri
821 1450 872 1479 ac
913 1437 1094 1479 domino
1128 1450 1209 1479 suo
1244 1436 1609 1490 clementissimo,
1643 1437 1825 1479 domino

204 1506 424 1550 Clementi
458 1509 610 1550 divina
636 1508 922 1564 providentia
946 1510 1234 1550 sacrosancte
1256 1509 1457 1550 Romane
1482 1521 1533 1549 ac
1554 1507 1827 1550 universalis

205 1579 388 1621 ecclesie
420 1580 625 1621 Romano
667 1579 871 1635 pontifici
907 1578 1001 1620 eius
1025 1592 1182 1621 servus
1205 1578 1389 1621 humilis
1415 1579 1648 1621 Arnaldus
1670 1581 1825 1621 sancte

203 1651 346 1693 Marie
384 1651 430 1692 in
468 1650 651 1692 Porticu
685 1650 901 1692 diaconus
935 1650 1180 1692 cardinalis
1215 1650 1350 1705 [cum]
1386 1650 1539 1692 debita
1571 1650 1827 1692 reverentia

202 1722 368 1777 pedum
391 1722 546 1765 oscula
568 1722 819 1763 beatorum.
875 1720 1169 1764 Sanctissime
1192 1721 1341 1776 pater!
1400 1719 1672 1775 [Sig]niffico
1694 1720 1823 1763 vobis

205 1794 261 1835 ad
299 1793 528 1848 gaudium,
563 1793 694 1848 quod,
740 1793 876 1847 [cum]
921 1794 1077 1848 gentes
1118 1794 1281 1845 vestre,
1316 1806 1401 1847 que
1434 1795 1541 1834 sunt
1572 1791 1825 1846 Ferrariea)

206 1898 212 1905 .
250 1898 257 1905 .
294 1898 301 1905 .
334 1878 415 1919 per
460 1863 671 1906 excubias
716 1863 1047 1918 presensissent
1089 1862 1243 1918 plures
1288 1876 1425 1905 naves
1469 1863 1515 1904 in
1549 1862 1825 1905 adiutorium

203 1934 402 1977 hostium
446 1935 637 1990 ve[ni]re
682 1936 735 1976 de
791 1934 1049 1989 [Ven]etiis,
1107 1947 1266 1976 versus
1304 1936 1505 1976 castrum
1545 1933 1823 1987 Thedaldi,1)

205 2005 391 2048 consilio
428 2006 681 2061 prehabito,
737 2006 933 2060 [iverunt
965 2005 1062 2060 de?]
1112 2005 1282 2047 nostris
1316 2005 1373 2046 ad
1405 2005 1629 2060 quendam
1662 2004 1824 2057 locum,

204 2080 414 2118 vocatum
447 2077 592 2119 Lacus
626 2077 891 2130 obscurus2)
930 2089 1012 2131 per
1043 2076 1083 2117 V
1113 2075 1312 2118 miliaria
1345 2089 1372 2117 a
1404 2075 1586 2117 civitate
1618 2075 1826 2117 Ferrarie

205 2148 462 2199 distantem,
510 2149 555 2188 in
604 2161 691 2203 quo
738 2148 837 2190 loco
882 2147 995 2189 Padi
1038 2147 1205 2188 flumen
1254 2149 1323 2189 est
1369 2147 1516 2201 magis
1567 2148 1821 2201 angustum.

204 2216 406 2273 Cumque
439 2218 504 2260 eri
525 2218 646 2260 circa
667 2219 827 2261 horam
849 2232 1015 2261 nonam
1039 2217 1368 2274 quatragintab)
1394 2219 1479 2259 due
1500 2230 1664 2273 magne
1686 2229 1825 2259 naves

203 2292 297 2330 tam
326 2288 613 2330 multitudine
636 2289 866 2332 hominum
892 2292 1171 2331 armatorum
1195 2302 1332 2344 quam
1352 2288 1616 2330 victualium
1640 2290 1825 2329 onerate

202 2373 284 2415 per
323 2360 490 2401 dictum
528 2359 675 2401 locum
718 2360 913 2402 transire
947 2361 1199 2411 crederent3
1233 2362 1390 2415 gentes
1422 2362 1577 2401 nostre
1609 2358 1824 2414 predicte,

205 2444 289 2486 que
334 2433 462 2471 erant
508 2444 561 2472 ex
594 2433 785 2486 utraque
823 2433 953 2486 parte
985 2431 1200 2473 flumimis
1234 2430 1465 2481 collocate,
1499 2430 1644 2472 dictas
1684 2442 1823 2472 naves

204 2504 575 2557 expugnaverunt
614 2503 709 2542 tam
748 2502 940 2544 viriliter
973 2504 1016 2544 et
1047 2504 1271 2557 potenter,
1306 2502 1426 2557 quod
1459 2502 1611 2543 decem
1646 2503 1689 2542 et
1721 2503 1823 2543 octo

203 2574 257 2615 de
301 2571 517 2627 predictis
555 2572 746 2614 navibus
790 2572 978 2615 infinitis
1024 2573 1296 2615 victualibus
1335 2573 1493 2628 plenas
1533 2573 1748 2627 ceperunt
1781 2573 1824 2612 et

202 2643 486 2685 retinuerunt
520 2644 562 2683 et
594 2644 647 2684 de
669 2643 940 2696 hominibus,
970 2644 1047 2698 qui
1071 2646 1200 2686 erant
1221 2643 1267 2685 in
1289 2644 1415 2699 ipsis,
1440 2645 1618 2685 centum
1640 2641 1823 2683 fuerunt

203 2714 339 2756 occisi
373 2716 416 2755 et
447 2713 611 2768 reliqui
643 2716 796 2768 preter
826 2727 997 2768 paucos
1025 2715 1367 2756 submerserunt
1394 2728 1440 2756 se
1461 2714 1601 2769 ipsos.
1665 2711 1824 2754 Cetere

202 2798 309 2827 vero
351 2797 489 2826 naves
529 2786 888 2826 retrocesserunt
928 2797 1085 2827 versus
1118 2785 1352 2837 Venecias,
1388 2784 1576 2826 ulterius
1608 2782 1824 2839 progredi

273 2854 325 2881 ⁴07
345 2860 373 2898 a)
400 2854 483 2887 Drei
509 2854 652 2888 W'orter
676 2853 806 2887 fehlen.
885 2854 915 2897 b)
941 2853 984 2888 So
1009 2854 1131 2897 Kopie.

273 2961 369 3005 4071)
395 2955 493 2995 Uber
517 2960 612 2995 seine
638 2960 729 3003 Lage
755 2959 823 3003 vgl.
851 2958 939 2993 Eitel
964 2961 997 2995 S.
1026 2959 1103 2996 181.

345 3019 371 3063 2)
396 3020 469 3053 Der
495 3019 558 3054 Ort
582 3019 692 3053 Ponte
719 3019 914 3062 Lagoscuro
941 3018 995 3052 bei
1020 3018 1178 3053 Ferrara.

1610 3087 1679 3120 41*
