2296 3512
889 259 1206 299 —727—

242 388 381 430 vestri
424 387 589 438 nuncii,
631 387 737 428 licet
775 386 1114 441 comparuerint
1145 387 1433 440 postmodum
1466 399 1547 441 per
1579 385 1750 428 curiam
1784 399 1858 427 ex-

240 457 420 514 pectati.
498 458 607 500 Post
654 470 739 513 que
786 456 1055 498 recessimus
1103 457 1156 498 de
1203 456 1352 499 insula
1400 470 1499 498 cum
1541 456 1660 498 bona
1707 459 1859 498 vestra

241 528 396 584 gracia
442 527 521 569 leti
567 527 814 582 plurimum
862 530 905 568 et
952 527 1199 582 gaudentes
1245 527 1297 568 de
1338 529 1491 569 vestra
1522 527 1783 569 obediencia
1816 529 1860 568 et

240 598 513 640 liberacione
547 597 759 649 civitatis,
794 599 1049 639 castrorum
1084 600 1127 638 et
1160 600 1385 639 terrarum
1415 595 1623 639 Calabrie
1658 631 1699 639 ..
1727 631 1734 638 .
1769 598 1859 638 Nec

241 668 562 720 obliviscimur,
590 667 787 723 qualiter
818 667 1049 722 predictus
1082 667 1290 710 dominus
1313 670 1467 710 noster
1488 681 1609 723 papa
1643 702 1650 709 .
1683 702 1690 709 .
1718 702 1725 709 .
1759 670 1858 709 tan-

242 753 375 795 quam
416 738 588 781 zelator
629 739 835 781 caritatis
889 742 931 780 et
971 738 1098 793 pacis
1143 739 1200 780 ad
1243 751 1324 779 vos
1357 741 1400 779 et
1444 741 1614 780 statum
1657 741 1858 781 vestrum

242 810 577 865 compacionem
610 809 781 851 habens
814 809 859 851 in
893 809 986 851 suis
1014 822 1095 851 vos
1118 822 1279 864 gerens
1301 808 1389 863 piis
1416 808 1678 860 visceribus,
1711 813 1860 851 vestre

239 880 470 923 maiestati
522 894 570 923 se
623 879 870 936 plurimum
932 879 1135 921 exhibuit
1193 879 1464 934 graciosum,
1524 879 1750 921 interdum
1803 880 1860 921 ad

240 954 439 994 vestram
480 951 770 1003 instanciam,
810 951 1037 993 interdum
1077 952 1204 991 motu
1250 950 1436 1005 proprio
1482 950 1648 993 multas
1681 950 1860 1005 gracias

240 1022 444 1064 faciendo
491 1024 534 1064 et
577 1024 647 1063 tot
690 1024 735 1063 et
777 1022 843 1063 ita
883 1034 1074 1076 magnas
1108 1024 1151 1062 et
1184 1021 1249 1062 ita
1280 1020 1541 1076 frequenter
1574 1034 1625 1062 ac
1656 1021 1784 1063 vobis
1818 1024 1861 1062 et

240 1093 405 1135 vestris
429 1105 611 1134 manum
645 1105 914 1147 generosam
945 1092 1164 1147 porrexit,
1197 1092 1314 1134 sicut
1337 1091 1518 1134 domino
1544 1092 1641 1145 regi
1662 1091 1860 1133 Roberto

239 1163 409 1206 illustri
450 1165 494 1205 et
534 1163 628 1206 suis
668 1197 676 1205 .
710 1165 799 1217 ..3)
852 1162 1027 1215 Quibus
1071 1162 1279 1205 omnibus
1311 1163 1357 1204 in
1391 1161 1755 1205 consideracione
1788 1162 1861 1203 de-

241 1234 387 1276 ductis
419 1247 509 1276 non
536 1233 786 1277 sufficimus
819 1234 1050 1285 admirari,
1085 1234 1205 1289 quod
1227 1236 1379 1276 satore
1400 1233 1625 1275 malorum
1648 1235 1862 1287 querente

353 1305 669 1360 processeritis
708 1305 764 1346 ad
806 1304 1138 1346 diffidacionem
1177 1304 1369 1347 illustris
1409 1303 1579 1346 domini
1616 1303 1737 1359 regis
1775 1303 1862 1345 Ro-

240 1375 358 1417 berti
397 1375 579 1430 prefati,
620 1375 793 1431 treugis
826 1375 995 1418 nostris
1030 1410 1038 1417 .
1065 1409 1072 1416 .
1100 1409 1107 1416 .
1141 1388 1223 1430 per
1257 1388 1335 1417 vos
1368 1374 1635 1430 approbatis
1667 1374 1862 1429 penden-

239 1446 382 1498 tibus,
425 1449 519 1488 tam
560 1446 826 1497 inconsulte,
866 1446 911 1487 in
952 1448 1260 1502 contemptum
1291 1445 1483 1500 predicti
1516 1445 1687 1487 domini
1717 1443 1863 1487 nostri

240 1530 371 1573 pape,
396 1517 472 1573 qui
495 1520 621 1559 ratas
645 1518 824 1559 easdem
857 1517 1016 1559 habuit
1049 1519 1093 1558 et
1125 1517 1181 1558 ad
1214 1530 1407 1572 sequens
1429 1516 1673 1558 triennium
1705 1529 1864 1571 proro-

241 1588 426 1642 gavit,4)
461 1588 581 1643 quod
612 1588 742 1630 vobis
775 1587 1043 1643 expediebat
1074 1587 1334 1644 plurimum,
1366 1587 1608 1643 presertim
1640 1587 1680 1629 si
1713 1590 1864 1629 vestra

240 1660 504 1702 recordetur
536 1659 767 1711 maiestas,
801 1673 901 1701 cum
934 1672 1015 1701 vos
1050 1659 1163 1701 alias
1198 1672 1223 1700 a
1255 1658 1386 1701 nobis
1418 1662 1603 1714 treugas
1636 1657 1863 1713 pecieritis

241 1744 342 1772 cum
362 1743 531 1786 magna
548 1730 773 1772 instancia
791 1729 1149 1785 quinquennales
1169 1732 1212 1771 et
1227 1743 1346 1771 nunc
1369 1728 1633 1772 sexennales
1655 1728 1863 1770 habeatis

242 1802 434 1844 easdem.
499 1799 645 1857 Super
676 1800 838 1856 quibus
866 1801 913 1842 in
936 1803 1064 1842 tanto
1088 1801 1219 1843 devio
1242 1800 1446 1842 videmus
1469 1800 1671 1856 pericula
1697 1812 1864 1854 magna

243 1875 396 1915 vestra
431 1906 438 1914 .
465 1906 473 1914 .
500 1906 508 1913 .
542 1872 682 1914 Facta
716 1906 757 1913 ..
784 1905 792 1913 .
826 1872 1047 1927 preterita
1087 1884 1169 1914 nos
1204 1872 1391 1914 edocent
1424 1884 1520 1913 esse
1552 1871 1598 1912 in
1630 1874 1863 1926 posterum

243 1942 491 1986 cauciores:
516 1942 733 1986 Videmus
767 1943 885 1984 enim
917 1955 1000 1984 nec
1033 1943 1257 1985 credimus
1291 1955 1317 1984 a
1348 1945 1502 1984 vestra
1538 1941 1758 1984 memoria
1791 1955 1864 1983 ex-

243 2013 406 2056 cidisse
458 2016 635 2056 tantam
682 2013 940 2070 potenciam
987 2013 1034 2055 in
1079 2013 1319 2055 Frederico
1371 2013 1648 2069 imperatore
1706 2012 1862 2054 inclito

242 2085 406 2126 nedum
459 2084 724 2127 destitutam
774 2097 924 2140 ymmo
969 2084 1126 2140 pocius
1173 2084 1462 2140 extirpatam,
1508 2098 1562 2126 ex
1607 2096 1657 2125 eo
1702 2083 1863 2135 solum,

243 2155 363 2210 quod
401 2155 583 2197 nolebat
622 2159 776 2199 sancte
808 2156 1009 2198 Romane
1044 2155 1229 2198 ecclesie
1262 2159 1307 2197 et
1337 2155 1566 2197 mandatis
1600 2154 1864 2211 apostolicis

243 2225 437 2267 obedire.
510 2226 568 2268 Et
606 2227 725 2269 idem
758 2227 963 2269 videmus
997 2227 1050 2269 de
1084 2227 1246 2269 comite
1279 2226 1547 2278 Tholosano,
1587 2226 1665 2281 qui
1695 2226 1864 2267 incom-

242 2295 513 2352 parabiliter
543 2297 647 2352 plus
681 2311 816 2352 quam
840 2310 921 2340 vos
953 2297 999 2339 in
1022 2301 1156 2353 gente
1180 2300 1223 2339 et
1244 2297 1290 2339 in
1314 2297 1566 2340 redditibus
1590 2297 1863 2339 abundabat.

248 2367 459 2410 Videmus
493 2368 629 2409 etiam
661 2368 707 2410 in
738 2369 952 2424 presenti,
987 2369 1108 2424 quod
1130 2369 1164 2410 F
1167 2368 1445 2420 landrenses,
1480 2368 1557 2424 qui
1584 2381 1666 2423 per
1686 2367 1865 2409 XXHII

244 2451 386 2481 annos
429 2441 472 2479 et
505 2438 699 2494 amplius
731 2439 901 2481 illustri
932 2439 1029 2494 regi
1061 2439 1249 2481 Francie
1281 2439 1571 2491 rebellarant,
1605 2452 1722 2481 nunc
1753 2438 1864 2479 fina-

242 2509 347 2551 liter
385 2510 442 2551 ad
487 2511 531 2550 et
570 2522 652 2564 per
688 2510 906 2551 mandata
939 2510 1109 2552 domini
1140 2510 1287 2553 nostri
1318 2523 1434 2566 pape
1468 2511 1525 2552 ad
1557 2508 1863 2551 obedienciam

245 2583 288 2622 et
321 2593 475 2621 veram
508 2580 796 2622 concordiam
829 2583 934 2623 sunt
975 2580 1212 2635 reducti.5)
1275 2582 1366 2623 Nec
1398 2595 1488 2623 non
1522 2584 1565 2623 et
1596 2594 1677 2623 rex
1709 2579 1864 2622 Scoto-

242 2665 344 2693 rum
383 2650 481 2692 vult
520 2653 562 2692 et
603 2653 738 2706 parat
771 2664 816 2693 se
848 2651 1078 2694 mandatis
1113 2651 1375 2707 apostolicis
1409 2652 1603 2694 obedire.
1666 2652 1865 2693 Fuerunt

245 2722 409 2764 etenim
458 2721 591 2764 multi
633 2721 861 2777 principes
903 2724 947 2763 et
988 2725 1210 2777 potentes,
1253 2723 1330 2778 qui
1367 2722 1547 2778 penitus
1581 2725 1686 2765 sunt
1719 2721 1864 2763 eradi-

385 2861 412 2901 3)
439 2862 529 2898 CRD
555 2861 648 2897 9820
679 2861 723 2896 ist
747 2861 804 2895 ein
828 2860 949 2905 langer
972 2861 1072 2895 Brief
1097 2862 1296 2896 Friedrichs
1327 2873 1371 2896 an
1395 2862 1515 2896 seinen
1541 2862 1685 2904 Bruder,
1713 2862 1776 2895 wie
1803 2862 1865 2895 der

243 2921 350 2965 Papst
375 2921 435 2955 ihn
462 2923 586 2955 immer
609 2920 791 2965 getauscht
816 2919 916 2963 habe,
944 2930 1023 2954 vom
1048 2919 1178 2955 letzten
1202 2921 1271 2955 Mai
1299 2921 1400 2956 1320.

385 2980 413 3023 ⁴)
440 2980 517 3025 Vgl.
542 2979 713 3024 Raynaldi
739 2990 818 3013 ann.
844 2979 887 3013 ad
912 2989 1042 3013 annum
1069 2978 1161 3014 1320
1184 2979 1248 3015 Nr.
1276 2980 1328 3016 16.

387 3040 413 3083 ⁵)
439 3039 625 3074 Schreiber
649 3038 758 3072 meint
783 3038 837 3072 die
862 3038 1137 3083 Unterwerfung
1163 3039 1209 3072 im
1234 3039 1265 3075 J.
1293 3038 1394 3074 1320.
