2296 3512
1103 283 1422 323 —630—

451 408 750 451 trinsecorum
783 409 841 450 ad
879 408 1109 450 dominum
1147 422 1330 465 papam,
1371 445 1378 452 .
1415 445 1423 452 .
1459 445 1467 452 .
1502 425 1695 467 quorum
1733 426 1849 456 unus
1889 417 1957 458 est
1987 428 2071 471 pro

451 482 582 534 parte
599 478 817 520 nobilium
837 481 880 520 61
896 478 982 521 iste
997 482 1187 522 vocatur
1200 478 1422 524 Coraldus
1441 482 1630 535 Mallon;
1650 483 1765 525 alter
1777 497 1885 525 vero
1903 482 1972 523 est
1988 494 2071 536 pro

452 552 584 605 parte
615 548 906 604 popularium
930 552 973 591 et
994 549 1067 592 hic
1088 553 1278 593 vocatur
1303 550 1580 596 Cauallinus.
1642 554 1802 596 Dictus
1825 551 2071 596 Corraldus

451 619 635 671 Mallon,
671 653 678 660 .
715 653 723 660 .
760 653 767 660 .
802 623 870 662 est
912 620 1111 675 perfidus
1151 620 1354 676 Guelfus,
1389 622 1504 665 alter
1535 637 1641 666 vero
1675 622 1938 667 Cauallinus
1974 657 1981 664 .
2017 655 2026 663 .
2063 656 2070 663 .

452 692 520 732 est
550 703 666 732 unus
699 690 844 732 bonus
876 691 1112 746 popularis
1145 692 1337 748 diligens
1365 694 1533 736 bonum
1556 696 1726 737 statum
1750 699 1793 737 et
1814 693 2072 750 pacifficum

451 760 663 802 civitatis.
726 761 919 817 Propter
950 762 1071 817 quod
1103 766 1343 818 reputatur
1374 763 1420 805 in
1453 764 1649 818 civitate,
1680 766 1800 821 quod
1823 764 1996 808 senciat
2019 765 2072 805 de

450 830 698 873 Gebellino.
761 832 819 873 Et
856 833 910 874 de
947 832 1033 875 1100
1062 832 1329 886 Januenses,
1372 834 1450 888 qui
1481 838 1587 877 sunt
1627 836 1836 878 continue
1868 835 1914 877 111
1947 834 2073 876 011113

448 915 533 957 pro
564 901 836 955 intrinsecis,
870 905 914 944 et
946 903 1205 958 specialiter
1237 903 1444 946 dominus
1477 905 1741 948 Nicholinus
1775 908 2071 960 cognomento

451 970 708 1015 Cardinalis
747 986 884 1029 super
917 973 1177 1016 condicione
1210 973 1343 1017 istius
1377 973 1604 1016 Cauallini
1637 975 1806 1017 dictum
1840 975 2073 1018 dominum

451 1042 730 1095 informavit,
765 1044 885 1099 quod
917 1044 1014 1099 ipse
1045 1058 1135 1087 non
1159 1048 1277 1086 esset
1298 1058 1439 1100 purus
1465 1044 1667 1088 Guelfus.
1722 1046 1788 1087 Ex
1812 1046 1896 1088 hoc
1922 1048 2072 1087 autem

451 1116 659 1156 exortum
706 1117 785 1167 est,
832 1115 953 1170 quod
996 1114 1201 1170 prefatus
1235 1115 1444 1157 dominus
1476 1116 1602 1158 misit
1634 1129 1717 1172 pro
1756 1117 2071 1172 prenominato

449 1182 660 1227 Conrado
694 1185 865 1240 perfido
889 1185 1065 1238 Guelfo,
1100 1186 1220 1241 quod
1243 1186 1339 1228 sine
1369 1186 1489 1228 dicto
1517 1187 1639 1229 socio
1663 1199 1744 1230 suo
1767 1187 1855 1228 iret
1878 1188 1935 1229 ad
1959 1201 2072 1239 611111,

451 1256 558 1311 quia
596 1270 748 1299 secum
786 1256 922 1298 vellet
956 1256 1108 1311 aliqua
1141 1256 1279 1311 loqui.
1342 1257 1432 1298 Ivit
1463 1257 1592 1299 iuxta
1623 1256 1795 1299 factum
1829 1257 1916 1300 sibi
1947 1271 2074 1299 man-

449 1327 619 1368 datum.

591 1408 675 1452 Cui
706 1410 787 1452 hec
820 1409 952 1451 dixit:
987 1409 1024 1451 O
1054 1409 1210 1451 miseri
1231 1409 1502 1453 Januenses!
1537 1410 1793 1453 Recolimus
1821 1424 1847 1452 a
1872 1410 2074 1466 puericia

447 1483 619 1532 nostra,
670 1481 789 1536 quod
836 1481 882 1522 in
929 1484 1025 1522 toto
1074 1481 1241 1523 mundo
1290 1493 1379 1522 non
1425 1484 1522 1523 erat
1563 1481 1773 1537 princeps
1812 1495 1894 1523 nec
1933 1480 2074 1523 eciam

449 1564 637 1593 comune
671 1551 855 1606 aliquod
889 1551 1003 1592 citra
1035 1564 1117 1593 nec
1149 1551 1270 1593 ultra
1292 1564 1429 1604 mare,
1464 1554 1540 1607 qui
1566 1565 1656 1594 non
1684 1551 1865 1594 timeret
1887 1565 2075 1594 comune

446 1622 606 1674 Janue,
654 1621 805 1677 ipsum
853 1635 1040 1664 comune
1088 1622 1352 1677 regentibus
1385 1622 1646 1675 Grebellinis,
1697 1626 1740 1664 et
1786 1636 1868 1678 per
1920 1635 2075 1664 eorum

448 1692 705 1748 potenciam
748 1693 1035 1748 coegerunta)
1072 1706 1226 1748 regem
1267 1693 1488 1735 Karolum
1531 1693 1709 1735 auferre
1741 1693 1869 1735 vobis
1903 1692 2074 1736 Guelfis

448 1778 586 1805 unum
626 1764 772 1805 solum
810 1763 1102 1816 fortalicium,
1137 1764 1258 1819 quod
1288 1764 1334 1806 111
1367 1767 1465 1807 1013
1497 1764 1685 1820 Riparia
1718 1764 1956 1816 tenebatis,
1989 1764 2074 1806 sci-

447 1834 553 1877 licet
598 1840 812 1888 castrum,
858 1835 980 1890 quod
1026 1838 1214 1876 vocatur
1259 1835 1522 1878 Monachus.
1591 1836 1721 1877 Nunc
1766 1838 1918 1876 autem
1962 1834 2074 1890 ipsis

451 1905 698 1949 Gebellinis
741 1905 949 1948 exulibus
983 1919 1009 1947 a
1043 1906 1226 1948 civitate
1254 1908 1298 1948 et
1331 1906 1458 1948 vobis
1492 1905 1662 1948 Guelfis
1695 1905 1952 1948 tenentibus
1976 1918 2075 1947 63111

449 1980 494 2019 61
525 1976 728 2019 favorem
760 1977 893 2019 huius
927 1977 1111 2019 ecclesie
1139 1981 1182 2019 et
1209 1976 1329 2032 regis
1356 1976 1544 2019 Roberti
1565 1976 1856 2019 habentibus:
1880 1975 1969 2032 ipsi
1994 1989 2074 2019 vos

448 2051 637 2103 propter
683 2047 914 2090 miseriam
970 2051 1168 2090 vestram
1219 2050 1438 2103 superant
1480 2060 1562 2089 nec
1611 2048 1665 2089 de
1716 2047 1779 2090 eis
1829 2060 1910 2090 vos
1949 2047 2075 2089 scitis

447 2118 605 2160 iuvare
628 2132 708 2161 nec
730 2119 937 2174 potestis.
989 2119 1063 2160 Ad
1088 2132 1173 2174 que
1196 2118 1271 2160 1116
1294 2117 1547 2173 respondit:
1571 2118 1706 2160 Pater
1729 2121 1898 2169 sancte,
1921 2118 2075 2160 hostes

450 2190 596 2232 nostri
628 2192 733 2233 sunt
755 2190 888 2232 hodie
911 2190 1060 2245 magis
1083 2192 1292 2246 potentes
1316 2202 1452 2244 quam
1474 2202 1676 2244 unquam
1701 2188 1867 2231 fuerint
1888 2190 2076 2244 propter

447 2274 640 2316 magnos
687 2261 855 2303 amicos
902 2264 945 2303 et
987 2262 1211 2316 potentes,
1258 2272 1371 2316 quos
1415 2259 1584 2302 habent
1626 2260 1673 2301 in
1713 2259 1988 2302 Lombardia
2032 2262 2075 2300 61

448 2331 624 2374 Tuscia.
688 2332 873 2373 Habent
906 2331 1023 2373 enim
1051 2330 1410 2373 Mediolanenses
1434 2344 1488 2372 ex
1509 2343 1600 2372 una
1622 2333 1766 2386 parte,
1790 2330 1869 2385 qui
1890 2329 2074 2371 veniunt

448 2416 592 2458 usque
635 2404 692 2444 ad
733 2403 963 2445 civitatem
1004 2406 1223 2445 nostram.
1287 2401 1471 2444 Habent
1503 2402 1645 2444 eciam
1679 2415 1733 2443 ex
1766 2400 1856 2442 alia
1889 2399 2074 2443 Castru-

452 2473 615 2526 chium,
659 2474 736 2529 qui
766 2473 935 2517 multas
968 2476 1116 2516 terras
1150 2476 1193 2514 et
1226 2474 1380 2515 castra
1411 2472 1650 2528 occupavit
1682 2471 1829 2514 nostri
1858 2470 2072 2513 comunis.

450 2543 635 2586 Habent
667 2544 809 2586 eciam
841 2543 986 2586 multa
1025 2543 1115 2586 alia
1146 2542 1292 2585 latera
1326 2545 1370 2584 61
1402 2543 1629 2585 adiutoria
1660 2555 1841 2597 magna,
1876 2554 1961 2597 que
1991 2554 2074 2583 nos

450 2628 540 2656 non
583 2615 821 2667 habemus,
870 2614 1079 2657 videlicet
1122 2627 1275 2669 regem
1323 2614 1356 2655 F
1359 2614 1610 2656 redericum
1658 2616 1702 2655 et
1751 2613 2073 2667 imperatorem

452 2683 1019 2742 Constantinopolitanum.
1079 2685 1138 2726 Et
1169 2684 1259 2740 ipsi
1290 2684 1355 2726 ita
1386 2684 1519 2727 liberi
1541 2685 1712 2726 vadunt
1743 2696 1826 2739 per
1856 2682 2073 2724 mundum

453 2756 510 2798 ad
540 2756 822 2809 lucrandum,
862 2756 978 2799 sicut
1010 2768 1210 2811 unquam
1242 2754 1457 2801 fecerunt.
1520 2755 1614 2798 Nos
1648 2756 1798 2796 autem
1831 2752 1906 2794 vix
1940 2752 2074 2794 aude-

451 2840 552 2869 mus
584 2840 666 2869 nec
696 2841 778 2882 per
807 2829 979 2868 terram
1007 2839 1088 2868 nec
1119 2839 1201 2881 per
1228 2839 1353 2867 mare
1384 2826 1505 2867 exire
1542 2825 1784 2867 civitatem.
1847 2823 1920 2865 Ad
1943 2822 2072 2878 queb)

452 2897 703 2953 respondit:
750 2897 912 2940 Totum
955 2897 1040 2938 hoc
1082 2896 1289 2952 procedit
1334 2910 1387 2938 ex
1425 2899 1579 2939 vestra
1630 2894 1830 2937 maxima
1881 2892 2071 2943 vilitate,

453 2967 561 3024 quia
600 2967 784 3010 nescitis
826 2981 907 3010 nec
937 2967 1075 3010 vultis
1114 2967 1281 3008 habere
1314 2967 1496 3009 amicos.
1558 2967 1675 3008 Nam
1709 2964 1842 3006 amici
1873 2963 2073 3006 hostium

595 3062 625 3105 a)
651 3062 817 3105 cogerunt
843 3060 900 3097 Or.
957 3060 987 3103 b)
1014 3070 1118 3103 quem
1145 3059 1202 3094 Or.
