2296 3512
1055 258 1371 298 —864—

404 385 627 435 dolorem,
660 398 792 439 quem
815 388 1097 440 conceperat,
1131 398 1291 440 parere
1324 385 1599 437 desiderans,
1633 385 1789 427 statim
1817 398 1915 427 cum
1942 384 2029 427 fuit

405 468 510 497 cum
554 455 734 497 domino
780 468 885 510 rege
930 455 1134 510 predicto
1175 469 1275 498 eum
1314 455 1560 497 informare
1602 457 1805 510 contrass)
1847 489 1855 496 .
1898 490 1906 498 .
1942 489 1950 497 .
1985 459 2030 497 et

410 528 623 577 tractare,
668 530 718 567 ut
758 525 1077 567 cancellariam
1124 527 1308 569 ecclesie
1350 526 1595 569 Tholetane
1636 527 1691 568 ab
1732 527 1918 581 antiquo
1950 540 2032 582 per

413 610 542 651 reges
577 594 772 639 Castelle
806 610 860 637 ex
892 596 1132 652 privilegio
1172 610 1429 640 concessam
1469 597 1599 639 nobis
1649 596 1879 648 aufferret3
1914 597 2032 652 quod

409 666 674 720 aliqualiter
716 667 1044 722 presentientes
1091 667 1234 722 [nos?]
1285 667 1453 710 dictum
1507 668 1737 709 dominum
1780 668 2033 710 Johannem

417 737 726 792 [acce]ssimus
760 741 803 779 et
845 750 945 779 eum
991 739 1048 779 ad
1080 741 1258 793 partem
1302 740 1596 794 segregantes
1628 737 1917 780 familiariter
1948 738 2036 780 sibi

409 808 719 864 exposuimus,
752 811 888 863 prout
923 808 1205 851 amicabilius
1228 809 1472 864 potuimus,
1509 808 1703 863 qualiter
1725 812 1881 864 gentes
1913 821 2035 850 mur-

413 879 657 920 murabant
689 882 733 920 et
765 878 902 920 etiam
935 878 1113 934 publice
1146 878 1508 933 obloquebantur
1542 878 1630 935 {de]
1655 879 1883 921 discordia
1915 879 2035 920 inter

413 963 496 992 nos
529 952 572 991 et
603 948 751 1004 ipsum
785 949 954 992 diutius
986 949 1143 991 habita
1176 953 1220 990 et
1242 952 1460 1004 quantum
1495 963 1548 990 ex
1580 952 1710 1004 parte
1741 952 1899 992 nostra
1922 951 2036 1001 erat,

409 1021 535 1075 quod
566 1033 648 1061 nec
678 1033 914 1061 rancorem
947 1023 1104 1062 contra
1137 1033 1237 1061 eum
1260 1020 1476 1061 habemus
1510 1033 1591 1062 nec
1617 1020 1919 1062 habueramus
1953 1033 2034 1061 nec

414 1091 582 1133 habere
629 1090 997 1132 desiderabamus
1045 1103 1124 1131 nec
1176 1089 1428 1132 sciebamus
1482 1103 1679 1143 causam,
1733 1103 1871 1145 quare
1918 1091 2038 1132 inter

416 1162 565 1218 ipsum
619 1164 662 1203 et
713 1174 794 1203 nos
848 1161 1074 1203 discordia
1131 1174 1227 1203 esse
1280 1161 1481 1211 deberet3
1535 1163 1688 1202 tamen
1744 1160 1783 1203 si
1840 1160 2039 1216 aliquam

419 1235 577 1274 contra
607 1245 690 1274 nos
723 1231 1062 1273 racionabiliter
1078 1231 1278 1283 haberet,
1313 1245 1367 1272 ex
1399 1244 1488 1286 qua
1510 1231 1662 1273 odium
1689 1235 1879 1286 gereret,
1906 1231 2038 1274 nobis

421 1302 720 1345 amicabiliter
752 1305 996 1357 exponeret
1029 1335 1037 1342 .
1074 1336 1081 1343 .
1117 1336 1125 1343 .
1190 1303 1261 1344 Ad
1303 1316 1389 1357 que
1431 1302 1708 1358 respondens
1753 1301 1879 1353 dixit,
1923 1303 2042 1358 quod

415 1373 647 1417 discordia
680 1376 721 1413 et
753 1372 919 1424 odium,
954 1373 1073 1427 quod
1104 1372 1201 1427 ipse
1233 1375 1392 1414 contra
1415 1385 1495 1414 nos
1523 1375 1804 1428 conceperat,
1827 1385 1916 1414 non
1942 1376 2042 1414 erat

417 1458 475 1486 ex
507 1457 625 1485 nova
650 1456 800 1495 causa,
833 1456 939 1485 nam
973 1456 998 1484 a
1030 1446 1246 1498 tempore,
1287 1456 1374 1498 quo
1408 1443 1495 1485 sibi
1527 1444 1912 1498 denegaveramus
1945 1456 2038 1486 ser-

421 1514 551 1567 vicia,
592 1514 712 1556 istud
753 1513 905 1555 odium
947 1513 992 1555 in
1024 1515 1158 1556 corde
1191 1514 1332 1569 gessit
1367 1514 1428 1569 [et
1460 1514 1695 1569 quamd]iu
1728 1514 1913 1566 viveret,
1947 1526 2039 1555 non

419 1587 679 1641 deponeret,
722 1584 829 1640 quin
871 1598 925 1626 ex
966 1585 1048 1626 hoc
1090 1585 1143 1626 de
1176 1584 1305 1627 nobis
1340 1585 1669 1640 querimoniam
1702 1585 1911 1626 haberet:
1947 1583 2043 1625 adi-

424 1656 557 1708 ciens,
592 1656 711 1711 quod
742 1658 972 1710 nunquam
994 1655 1124 1698 nobis
1149 1656 1314 1698 bonum
1338 1655 1509 1710 aliquid
1531 1658 1809 1711 procuraret.
1865 1654 2040 1707 Quibus

422 1727 541 1769 inter
580 1727 729 1782 ipsum
771 1730 815 1768 et
855 1739 937 1769 nos
970 1726 1138 1769 habitis
1171 1725 1473 1781 equitavimus
1506 1726 1733 1781 insimulb>
1768 1760 1777 1768 .
1812 1759 1820 1767 .
1857 1760 1865 1767 .
1899 1739 2042 1781 usque

427 1799 483 1840 ad
505 1811 670 1853 regem.
728 1797 896 1839 Verum
919 1810 1019 1838 cum
1046 1809 1245 1840 essemus
1268 1809 1409 1852 prope
1434 1797 1603 1839 dictum
1627 1797 1858 1839 dominum
1879 1809 2046 1852 regem,

424 1869 547 1911 dicto
581 1867 762 1910 domino
794 1868 1000 1910 Johanne
1033 1881 1087 1909 ex
1114 1881 1204 1909 una
1232 1870 1363 1923 parte
1386 1868 1605 1923 nobisque
1629 1881 1682 1909 ex
1704 1867 1794 1909 alia
1817 1866 2048 1910 existenti-

428 1940 511 1982 bus
540 1952 591 1980 ac
615 1938 908 1980 circumcirca
930 1941 1024 1980 tam
1049 1938 1387 1994 archiepiscopo
1410 1938 1632 1994 Ispalensi
1656 1952 1790 1994 quam
1813 1939 2049 1989 baronum,

427 2010 637 2062 militum,
680 2009 945 2051 clericorum
987 2022 1039 2051 ac
1081 2009 1273 2051 aliorum
1314 2009 1603 2050 multitudine
1645 2009 1851 2064 copiosa:
1899 2007 2047 2050 dictus

428 2080 638 2123 dominus
679 2093 758 2121 rex
799 2079 890 2120 iam
930 2092 1012 2134 per
1052 2079 1222 2120 dictum
1259 2077 1491 2120 dominum
1522 2078 1776 2120 Johannem
1815 2082 1948 2121 antea
1982 2078 2049 2119 in-

431 2152 668 2203 formatus,
711 2151 768 2192 ad
811 2163 893 2193 nos
935 2150 1160 2191 modicum
1203 2148 1447 2200 declinans,
1490 2149 1619 2191 nobis
1663 2148 1885 2192 submisse
1924 2148 2051 2200 dixit,

429 2223 552 2278 quod
599 2220 780 2262 volebat
826 2221 992 2263 habere
1039 2219 1229 2263 servicia
1275 2222 1394 2261 terre
1442 2223 1596 2262 nostre
1641 2223 1685 2261 et
1728 2219 1884 2261 statim
1929 2218 2052 2261 colli-

435 2295 659 2348 gerentur.
722 2292 815 2334 Nos
858 2304 964 2333 vero
1010 2291 1255 2341 credentes,
1302 2290 1421 2344 quod
1465 2291 1518 2332 de
1562 2290 1846 2345 imponendis
1886 2289 2052 2332 futuris

433 2362 635 2406 serviciis
676 2361 937 2417 loqueretur
975 2361 1402 2416 respondentesque,
1447 2361 1566 2415 quod
1608 2374 1787 2403 eramus
1826 2360 1978 2416 parati
2015 2360 2055 2402 ei

435 2433 604 2476 servire
636 2446 814 2488 semper
853 2432 899 2474 in
939 2431 1026 2474 hiis
1069 2434 1112 2473 et
1151 2431 1252 2474 aliis
1285 2431 1413 2473 iuxta
1445 2444 1597 2486 posse:
1643 2435 1711 2474 set
1744 2431 2052 2483 credebamus,

437 2505 638 2559 [quod]0)
682 2516 772 2545 non
805 2503 951 2545 solum
985 2515 1011 2543 a
1042 2502 1171 2544 nobis
1205 2504 1274 2543 set
1308 2501 1528 2556 [etiam]⁰)
1565 2503 1620 2544 ab
1655 2502 1756 2544 aliis
1788 2501 1978 2557 prelatis
2013 2503 2056 2542 et

436 2574 809 2617 universitatibus
842 2577 961 2615 terre
993 2573 1111 2614 idem
1135 2575 1326 2627 peteret3
1361 2575 1404 2614 et
1427 2586 1528 2614 cum
1552 2585 1707 2614 omnes
1731 2585 1929 2615 essemus
1952 2584 2056 2614 con-

434 2645 629 2700 gregati,
661 2658 751 2686 una
784 2657 885 2686 cum
917 2643 1019 2686 aliis
1053 2643 1405 2686 deliberaremus
1429 2646 1473 2685 et
1494 2642 1759 2693 faceremus,
1794 2655 2056 2697 quecunque

440 2728 521 2758 suo
554 2716 762 2757 cederent
789 2714 978 2757 servicio
1003 2716 1046 2756 et
1068 2714 1242 2765 honori,
1277 2713 1360 2755 ait:
1394 2713 1508 2765 Non,
1542 2712 1702 2768 inquit,
1736 2712 1890 2754 futura
1913 2712 2058 2754 adhuc

440 2789 545 2841 peto
579 2785 767 2828 servicia
801 2788 868 2827 set
900 2784 1132 2840 preterita,
1168 2797 1252 2839 que
1274 2797 1373 2826 meo
1396 2783 1538 2826 tutori
1565 2784 1806 2825 concedere
1832 2781 2055 2825 noluistis.

441 2856 656 2898 Videntes
709 2859 751 2898 et
798 2858 1122 2910 presumentes,
1170 2855 1288 2896 unde
1334 2854 1415 2896 hec
1460 2857 1792 2909 processerant,
1846 2852 2057 2904 diximus,

441 2927 564 2982 quod
619 2940 708 2968 non
774 2926 1125 2981 expectabamus
1186 2925 1324 2966 talem
1376 2924 1791 2966 remuneracionem
1848 2923 1903 2965 ab
1958 2922 2058 2978 ipso

584 2998 613 3037 a)
651 2996 766 3029 Lucke
793 2995 851 3028 fiir
877 2994 1048 3039 ungefahr
1074 2996 1094 3029 5
1121 2995 1274 3028 W‘orter.
1344 2995 1372 3037 b)
1410 2993 1500 3028 Zwei
1525 2993 1666 3027 Worter
1696 2991 1824 3027 fehlen.
1893 2994 1921 3036 Ο)
1959 2991 2061 3026 Fehlt

444 3055 493 3088 im
518 3055 613 3089 Text.
