2296 3512
835 302 1151 342 -709—

184 428 290 470 hier
321 428 415 471 vell
446 429 716 479 vertrauen3
748 429 874 470 trotz
906 428 986 470 des
1008 428 1393 483 Widerspruches
1425 432 1669 474 mehrerer
1689 431 1808 474 Kar·

185 498 340 541 ‹linale
377 499 476 541 will
521 510 572 540 er
609 499 727 541 noch
767 498 900 540 nicht
931 499 1167 552 vorgehen
1199 512 1348 553 gegen
1380 501 1648 553 Friedrich3
1694 503 1807 544 aber

313 569 416 611 eine
447 569 798 622 Entscheidung
830 569 898 611 Sei
929 569 1039 610 bald
1071 568 1220 623 niitig.
1283 570 1420 625 (1314
1455 572 1678 628 Anfang.)

323 650 395 684 Der
419 649 534 694 Κόως
559 649 679 684 sandte
706 660 761 683 am
786 648 843 684 26.
861 649 1062 683 November
1091 650 1181 684 1314
1207 650 1274 684 den
1298 651 1504 687 Erzbischof
1528 663 1597 687 von
1613 653 1808 697 Tarragona

183 709 218 743 in
244 708 381 743 Sachen
419 708 479 742 des
504 707 764 752 Templergutes
802 719 882 742 zum
913 708 1081 752 Papste.¹)
1130 709 1177 742 Er
1214 708 1275 743 soll
1316 721 1377 743 zur
1413 711 1807 756 Friedensvermittlung

183 767 356 801 zwischen
397 766 527 801 Robert
562 767 634 800 und
671 767 851 801 Friedrich
881 765 1093 811 Vorschlage
1131 768 1291 804 macheu.
1344 768 1466 812 Spater
1502 770 1718 804 formulierte
1756 772 1805 805 sie

183 827 307 870 Jayme
334 825 448 868 dahin,
488 825 667 860 Friedrich
705 826 769 859 mit
799 825 1004 870 geistlichen
1029 837 1114 859 usw.
1142 826 1280 860 Strafen
1319 838 1363 861 zu
1387 827 1533 870 drohen,
1571 829 1649 863 dass
1681 840 1720 864 er
1744 830 1805 863 das

184 885 406 919 Gewonnene
432 883 666 929 zurtrckgebe,
707 884 838 918 Robert
863 885 955 918 (191111
993 896 1072 918 zum
1098 884 1282 929 Ausgeben
1315 886 1375 920 des
1401 886 1523 930 Kriegs
1562 898 1606 921 zu
1632 888 1805 932 zwingen3

183 943 263 978 falls
290 954 328 977 er
351 943 533 977 Friedrich
559 949 664 978 etwas
689 954 907 988 genommen,
939 942 1023 977 selle
1050 954 1088 977 er
1114 954 1151 977 98
1177 944 1416 978 restituieren:
1448 955 1523 979 rem
1553 946 1589 979 in
1621 947 1805 990 pristinum

183 1003 287 1036 situm
314 1002 492 1038 reducere.
543 1002 650 1036 Beide
675 1001 766 1036 Teile
793 1001 901 1036 8011911
927 1002 1038 1036 Boten
1063 1013 1108 1036 an
1133 1002 1188 1037 die
1212 1003 1321 1037 Kum'e
1346 1004 1488 1038 senden.

322 1061 395 1095 Der
424 1060 532 1104 Papst
568 1061 690 1095 sendet
728 1061 816 1094 oben
852 1062 1050 1105 genannten
1082 1061 1251 1104 Nuncius,
1291 1062 1353 1095 der
1388 1062 1436 1095 im
1462 1062 1617 1096 Februar
1644 1064 1733 1098 1314
1770 1064 1804 1097 in

180 1119 345 1154 Valencia
358 1119 544 1157 erscheint,
564 1119 627 1153 der
640 1119 730 1153 nach
746 1119 967 1164 Erinnerung
980 1130 1024 1154 an
1042 1120 1101 1153 das
1119 1120 1309 1154 Schreiben
1323 1121 1384 1155 (198
1402 1121 1547 1165 Papstes
1561 1132 1604 1156 an
1622 1122 1802 1156 Friedrich

181 1179 253 1213 und
281 1179 376 1213 891119
402 1178 705 1222 Strafandrohung
730 1189 835 1222 sagen
861 1178 939 1212 soll:

321 1239 424 1294 Ipse
457 1252 563 1281 vero
596 1238 874 1291 Fredericus,
910 1239 986 1293 qui
1019 1240 1071 1280 de
1104 1239 1223 1281 sedis
1257 1240 1503 1294 apostolice
1528 1240 1807 1296 benignitate

179 1313 394 1365 percepta
426 1309 635 1363 superbie
666 1309 846 1351 videtur
880 1309 1137 1365 concepisse
1165 1310 1400 1352 audaciam
1444 1315 1487 1352 et
1517 1311 1804 1366 iniquitatem

181 1380 234 1422 de
278 1379 365 1422 sibi
414 1380 615 1422 exhibita
649 1381 704 1422 ab
741 1381 895 1422 eadem
930 1381 1034 1423 sede
1066 1382 1411 1423 mansuetudine
1443 1382 1673 1437 parturire
1707 1416 1714 1423 .
1751 1415 1758 1423 .

182 1450 401 1493 effrenata
451 1451 810 1506 presumpcione,
856 1465 911 1493 ne
953 1451 1156 1495 dicamus
1203 1452 1343 1493 efreni
1386 1452 1578 1504 insania,
1632 1453 1678 1494 in
1722 1452 1808 1494 Dei

180 1521 512 1574 contumeliam,
533 1521 780 1576 apostolice
798 1522 917 1564 sedis
935 1522 1171 1577 nostrique
1186 1522 1400 1565 iniuriam
1419 1528 1462 1565 et
1481 1526 1804 1579 contemptum,

180 1592 250 1636 sui
281 1592 477 1635 nominis
510 1597 664 1635 notam
697 1606 897 1648 gravem,
931 1593 1053 1648 regis
1081 1592 1232 1635 Sicilie
1254 1594 1449 1649 predicti
1482 1608 1571 1636 non
1594 1594 1690 1636 leve
1714 1594 1806 1636 dis—

179 1663 391 1719 pendium
426 1666 468 1704 et
501 1663 766 1706 scandalum
799 1663 1115 1719 plurimorum,
1157 1664 1352 1707 salutem
1392 1678 1520 1708 suam
1554 1665 1803 1721 negligens,

178 1733 318 1787 1111119,
359 1734 476 1777 819111
515 1734 783 1789 accepimus,
824 1734 1112 1777 diffidaciene
1143 1735 1381 1790 premissa,
1421 1736 1591 1779 nostris
1624 1735 1807 1779 99119118

180 1804 510 1847 monicionibus
526 1807 569 1846 et
592 1805 988 1848 exhortacionibus
1011 1805 1179 1861 spretis
1203 1819 1256 1847 ac
1274 1806 1545 1862 contemptis
1563 1805 1804 1849 sentenciis

179 1877 225 1918 in
257 1876 489 1918 invasores
523 1875 631 1917 dicti
664 1875 793 1931 regni
824 1889 906 1931 per
937 1889 1020 1918 nos
1053 1876 1347 1932 solempniter
1378 1877 1726 1932 promulgatis2)
1752 1890 1806 1918 ac

178 1945 537 1988 iuramentorum
571 1950 665 1988 tarn
697 1946 828 1989 nobis
863 1960 998 2002 quam
1032 1946 1152 1989 dicto
1184 1947 1283 2003 regi
1313 1948 1485 1991 Karolo
1507 1948 1804 2004 prestiterum

180 2016 475 2059 observancia
492 2017 800 2072 pretermissa,
824 2018 1138 2073 presumcione
1166 2018 1446 2074 dampnabili
1468 2019 1637 2061 invasit
1663 2019 1806 2061 hosti-

178 2087 283 2129 liter
316 2087 486 2129 dictum
519 2101 727 2143 regnum,
762 2088 993 2130 civitatem
1021 2089 1289 2144 Reginamss)
1324 2092 1367 2131 et
1398 2090 1616 2132 nonnulla
1653 2092 1805 2132 castra

179 2158 499 2200 circumvicina
532 2162 575 2200 et
610 2158 711 2201 loca
743 2158 833 2200 alia
866 2160 1128 2215 occupando
1161 2174 1242 2202 nec
1281 2161 1428 2203 adhuc
1451 2161 1544 2204 suis
1567 2160 1804 2215 imponens

178 2228 313 2271 finem
359 2229 630 2282 excessibus,
673 2230 751 2272 sed
793 2231 912 2286 cepti
943 2230 1112 2273 furoris
1155 2231 1392 2274 audaciam
1434 2245 1713 2288 prosequens
1747 2232 1805 2273 ad

180 2299 271 2341 alia
305 2302 470 2351 castra,
511 2299 719 2342 civitates
753 2302 796 2342 et
828 2301 928 2343 loca
961 2301 1070 2344 dicti
1108 2302 1237 2357 regni
1268 2302 1313 2344 in
1347 2306 1560 2358 concepte
1593 2302 1804 2358 superbie

179 2370 347 2426 spiritu
378 2370 658 2412 incessanter
690 2371 873 2427 satagit,
907 2372 1025 2415 sicut
1054 2372 1375 2426 intelleximus,
1409 2374 1683 2430 occupanda.

325 2439 534 2493 Qualiter
576 2444 725 2483 autem
764 2442 882 2484 idem
915 2442 1180 2487 Fredericus
1220 2444 1364 2487 dictos
1401 2447 1585 2487 nostros
1616 2443 1806 2486 nuncios

178 2512 407 2568 predictas
449 2511 536 2553 sibi
576 2515 758 2554 nostras
797 2512 976 2555 litteras
1014 2513 1175 2557 ultimo
1209 2514 1475 2557 defferentes
1507 2515 1729 2570 receperit
1760 2516 1804 2557 et

178 2582 458 2634 tractaverit,
502 2582 666 2637 quidve
707 2582 820 2638 ipsis
861 2585 1161 2638 responderit,
1202 2585 1249 2627 in
1287 2585 1512 2628 relacione
1544 2599 1626 2641 per
1658 2586 1803 2628 dictos

177 2653 366 2696 nuncios
399 2653 528 2695 nobis
561 2653 695 2705 facta,
731 2653 857 2696 cuius
889 2655 1218 2711 transcriptum
1247 2657 1394 2700 dictus
1423 2659 1578 2700 noster
1599 2656 1804 2712 portabit

177 2724 368 2767 nuncius
392 2727 434 2766 et
458 2723 553 2765 eius
570 2727 773 2766 tenorem
797 2723 916 2766 dicto
939 2725 1037 2780 regi
1054 2727 1320 2781 Aragonum
1340 2727 1598 2783 explicabit,
1625 2726 1802 2782 plenius

180 2795 448 2837 continetur.
459 2795 498 2850 4>

322 2888 346 2929 ¹)
371 2887 449 2933 Vgl.
476 2887 594 2930 Finke,
620 2887 805 2931 Papsttum
832 2887 903 2921 und
931 2888 1133 2933 Untergang
1158 2890 1219 2924 des
1243 2890 1530 2934 Templerordens
1556 2890 1602 2933 H,
1628 2890 1707 2924 227.

320 2941 346 2983 ²)
373 2940 449 2986 Vgl.
476 2940 576 2974 Bulle
603 2940 651 2974 im
676 2940 760 2985 Reg.
789 2939 978 2975 Clementis
1006 2941 1035 2973 V
1059 2941 1123 2975 Nr.
1152 2942 1282 2978 10021.

320 2993 347 3037 ³)
371 2994 444 3028 Aur
474 2993 589 3027 seiner
612 2993 721 3027 Fahrt
747 3004 789 3027 zu
814 2993 982 3028 Heinrich
1003 2993 1081 3028 VII.
1107 2994 1214 3029 nahm
1230 2995 1411 3030 Friedrich
1426 2995 1554 3040 Reggio
1580 2996 1613 3030 di
1632 2995 1798 3032 Calabria.

321 3047 351 3092 ⁴)
378 3047 503 3081 Leider
527 3047 573 3080 ist
599 3046 711 3080 dieser
728 3046 871 3080 Bericht
896 3046 994 3080 nicht
1018 3046 1120 3080 mehr
1145 3047 1196 3083 da.
1239 3047 1319 3081 Wir
1342 3048 1468 3083 wissen
1493 3048 1690 3092 uberhaupt
1714 3047 1801 3082 iiber

179 3099 273 3134 diese
299 3100 569 3135 Gesandtschaft
594 3100 719 3137 nichts.
