2296 3512
866 221 1185 261 —569—

359 348 576 391 Redolere
607 350 839 403 unguenta
867 347 1084 400 nesciunt,
1116 348 1203 390 nisi
1232 348 1373 392 lacius
1396 349 1487 392 sint
1519 347 1837 402 coniuncta(?).

218 421 277 463 Et
300 433 399 461 cum
421 418 722 460 incenduntur
745 421 965 470 aromata,
992 417 1274 473 fraganciam
1298 433 1425 462 suam
1449 420 1689 475 spandunt.
1740 417 1839 459 Uva

221 489 459 543 cultibusg)
487 488 695 530 tunditur
727 490 771 530 et
801 488 848 530 in
880 501 1091 544 saporem
1122 489 1217 530 vini
1241 489 1455 544 liquatur.
1519 490 1652 533 Oliva
1674 488 1839 531 contri-

220 559 416 602 tionibus
458 572 676 614 expressa
714 558 932 600 amurrim
971 572 1102 601 suum
1146 559 1309 601 defecit
1341 560 1400 614 (P)
1435 564 1478 602 et
1510 560 1556 602 in
1587 560 1675 602 olei
1701 559 1840 602 licere

312 663 320 671 .
369 630 456 671 Per
495 629 710 671 trituram
749 643 852 671 aree
884 643 1028 685 grana
1060 643 1086 671 a
1117 629 1260 685 paleis
1298 634 1569 686 separantur
1602 634 1646 673 et
1678 643 1839 686 expur-

219 703 328 756 gata
371 700 429 741 ad
474 712 657 741 orreum
700 701 1022 756 perducuntur.
1097 700 1250 753 Terra,
1290 704 1459 756 quanto
1497 701 1658 744 melius
1704 700 1841 743 fuerit

220 772 420 822 exarata,
450 770 635 813 uberius
658 770 856 812 fructum
879 771 1040 813 reddit.
1104 771 1239 824 Rosa,
1264 784 1350 826 que
1371 772 1556 824 redolet,
1581 757 1839 826 quiescitsff)

221 855 321 883 cum
355 840 499 896 spina,
534 855 619 897 que
651 841 825 897 pungit.
888 841 946 883 Et
970 842 1105 884 flores
1128 842 1352 897 prodeunt
1372 841 1491 884 inter
1513 842 1678 897 spinas.
1725 840 1840 884 Gon-

219 911 386 954 sideret
439 912 657 955 maiestas
704 912 844 967 regia,
902 912 1110 968 qualiter,
1166 913 1287 968 quod
1336 926 1427 954 non
1474 912 1702 967 incipitur,
1751 926 1841 954 non

219 981 388 1024 finitur.
452 983 539 1024 Pro
572 982 765 1025 veritate
798 982 896 1025 dico
931 984 974 1025 et
1006 982 1152 1025 dicere
1183 995 1371 1038 possum
1402 982 1540 1035 vobis,
1575 1016 1582 1023 .
1620 1016 1627 1023 .
1663 1016 1670 1023 .
1707 983 1840 1037 quod,

219 1053 258 1094 si
300 1052 473 1095 Lucani
517 1052 670 1095 exules
716 1066 982 1108 quocunque
1026 1053 1160 1095 modo
1199 1055 1522 1108 recuperarent
1561 1056 1745 1105 statum,
1776 1053 1842 1094 ita

220 1124 340 1179 quod
376 1123 423 1165 in
461 1123 562 1179 ipsa
601 1123 782 1165 civitate
822 1122 1069 1165 dominium
1109 1122 1378 1178 optinerent,
1418 1125 1525 1164 tunc
1555 1123 1704 1178 ipsam
1737 1123 1841 1165 civi-

219 1197 359 1236 tatem
377 1196 418 1236 et
434 1193 553 1236 cives
570 1193 766 1250 possetis
783 1193 945 1235 merito
960 1206 1043 1248 pro
1058 1196 1211 1236 vestro
1228 1193 1443 1249 precipuo
1458 1194 1634 1249 peculio
1648 1193 1843 1236 retinere

221 1298 228 1306 .
256 1298 263 1306 .
292 1299 298 1306 .
326 1263 506 1320 Scripta
535 1264 582 1306 in
616 1263 835 1306 abbathia
868 1264 921 1305 de
952 1262 1134 1306 Alfiano
1174 1277 1317 1320 prope
1351 1265 1489 1307 Senas
1521 1265 1685 1307 XXVI.
1720 1264 1841 1306 Maii

360 1345 450 1381 CRD
476 1345 580 1380 4232.
632 1345 689 1380 Or.
715 1346 798 1390 Pap.
825 1345 901 1389 Ssp.
950 1345 1154 1380 Auffallend
1191 1345 1304 1380 kleine
1343 1346 1487 1381 Schn‘ft.
1539 1346 1610 1380 Der
1642 1346 1744 1380 Brief
1781 1345 1845 1380 soll

218 1404 482 1439 unzweiselhaft
505 1405 571 1438 den
598 1404 832 1439 Verwandten
858 1404 1134 1449 entschuldigen.

366 2998 397 3038 g)
426 2995 471 3031 So
498 2995 556 3032 Or.
