2296 3512
839 284 1149 323 -725-

187 411 226 446 P.
253 411 294 445 de
319 411 411 445 Ixar.
460 410 538 444 Von
569 410 642 443 ihm
674 412 843 444 stammen
876 409 952 443 eine
978 409 1087 443 Reihe
1117 409 1317 454 geistvoller
1340 410 1520 453 Berichte3
1553 410 1615 444 der
1645 408 1806 453 politisch

187 469 378 514 wichtigste
410 468 508 503 oben.
559 468 661 503 Seine
690 468 920 512 Schilderung
951 478 1031 501 vom
1057 467 1261 511 September
1288 469 1379 503 1316
1412 468 1666 502 kennzeichnet
1690 467 1803 512 Konig

188 528 332 562 Robert:
368 527 456 561 Pero
482 527 684 561 Fernandez
716 526 841 570 sprach
867 528 939 560 erst
969 526 1005 559 in
1029 526 1182 560 Messina
1211 527 1275 561 mit
1298 527 1494 570 Friedrich,
1531 526 1620 561 nach
1646 527 1669 560 4
1692 526 1806 570 Tagen

186 587 285 631 gings
309 586 398 620 nach
423 585 568 629 Neapel.
617 585 777 619 Dariiber
808 585 929 619 sandte
956 595 1004 626 91,
1036 584 1102 618 wie
1129 595 1167 619 er
1191 588 1277 630 sagt,
1311 585 1413 619 einen
1436 586 1590 628 Bericht,
1623 584 1692 619 voll
1717 585 1805 618 Ver-

187 644 373 689 zweiflung
409 644 496 678 iiber
526 645 586 678 das
611 643 813 688 Misslingen
850 643 966 677 seiner
996 643 1160 687 Sendung
1189 654 1234 677 an
1259 644 1382 687 Jayme
1421 644 1530 678 durch
1557 644 1656 678 einen
1681 644 1807 687 Boten,

187 714 253 748 que
279 714 315 738 se
339 703 418 738 faze
450 703 544 737 dezir
566 711 684 738 vostro
715 702 800 745 fillo,
834 713 900 747 que
926 712 945 736 3
975 701 1109 736 uonbre
1134 701 1315 746 Napolion.
1365 702 1505 737 Damals
1536 703 1632 737 hatte
1664 713 1702 737 er
1733 704 1807 736 erst

187 761 313 796 einmal
345 761 410 795 mit
433 761 565 796 Robert
594 761 822 806 gesprochen.
871 761 1025 796 Seitdem
1057 761 1139 795 sehr
1171 761 1238 795 oft:
1272 764 1307 795 et
1337 763 1438 804 muyt
1469 761 1716 795 familiarment
1741 772 1806 795 con

187 820 218 855 el
242 820 309 855 assi
347 831 445 854 como
483 819 583 864 aquel
615 820 681 864 que
708 820 792 854 cada
823 820 880 854 dia
910 830 971 854 era
1001 830 1065 854 con
1091 819 1123 853 el
1148 830 1193 854 en
1223 830 1264 854 su
1288 819 1382 853 taula
1414 830 1432 853 e
1458 824 1537 853 ante
1563 820 1605 853 de
1631 830 1748 854 comer
1772 821 1808 854 et

187 879 366 914 comiendo
397 891 417 912 a
448 878 481 912 13
511 879 620 922 taula3
652 880 781 923 depues
812 890 856 913 no
891 879 1057 913 faziamos
1089 878 1162 912 sino
1194 877 1307 912 fablar
1336 877 1393 912 del
1423 878 1575 921 negocio.
1627 879 1690 912 Die
1716 881 1806 913 Aus-

186 938 320 973 sichten
344 937 523 972 besserten
550 938 624 972 sich
649 940 765 972 etwas.
816 938 884 972 Zur
908 938 1018 982 Frage
1044 938 1106 971 der
1136 940 1259 981 treuga
1290 939 1385 981 sagte
1411 936 1555 971 Robert:
1595 937 1670 977 Nie,
1705 947 1806 971 wenn

185 997 364 1031 Friedrich
399 1008 465 1030 uns
502 997 601 1031 nicht
632 996 686 1031 die
719 996 837 1031 Platze
868 997 905 1030 in
939 996 1120 1032 Calabrien
1152 995 1366 1040 zuiiickgibt.
1415 995 1516 1029 Nach
1546 995 1661 1029 vielen
1685 995 1806 1030 Reden

186 1055 333 1090 erkl'ane
359 1056 421 1089 der
445 1056 574 1100 K'onig:
602 1055 681 1100 quel
705 1055 816 1100 plazia
841 1056 882 1090 de
900 1055 933 1090 la
957 1065 1110 1099 manera,
1137 1066 1203 1100 que
1228 1065 1273 1099 yo
1299 1056 1465 1097 tractava,
1493 1056 1527 1088 et
1553 1054 1633 1098 quel
1658 1054 1805 1098 parecia,

185 1125 251 1159 quo
275 1125 320 1158 yo
346 1125 407 1149 vos
432 1115 552 1158 queria
577 1125 656 1149 seer
680 1115 747 1149 assi
772 1114 835 1148 fiel
860 1125 958 1149 como
984 1114 1044 1149 fue
1068 1113 1156 1149 Joab
1181 1113 1214 1148 al
1238 1124 1302 1158 193γ
1328 1114 1450 1155 David,
1485 1113 1622 1157 quando
1647 1112 1679 1147 lo
1706 1113 1806 1147 envio

185 1173 321 1208 assitiar
351 1184 421 1207 una
452 1173 576 1208 ciudat.
627 1174 655 1208 E
686 1174 822 1218 quando
854 1173 990 1218 aquella
1021 1184 1057 1208 se
1089 1173 1191 1208 devia
1220 1173 1380 1217 prender,
1413 1173 1514 1206 envio
1539 1172 1572 1206 al
1596 1183 1660 1216 rey
1684 1171 1808 1214 David,

186 1243 251 1276 que
276 1232 388 1266 vinies
413 1243 476 1276 por
500 1232 558 1276 tal,
585 1243 652 1277 que
678 1243 714 1267 se
741 1233 892 1267 escrives
917 1232 951 1267 13
976 1232 1120 1267 victoria
1144 1231 1175 1266 al
1201 1243 1265 1276 193Ῡ
1290 1232 1396 1266 Dauit
1421 1238 1456 1266 et
1481 1241 1524 1265 no
1551 1242 1571 1265 a
1596 1230 1637 1265 el.
1687 1231 1716 1265 E
1741 1230 1808 1265 assi

185 1291 412 1334 senblament,
451 1291 530 1335 quel
568 1292 715 1335 parecia,
753 1303 820 1336 que
852 1302 896 1335 yo
923 1292 1052 1336 queria,
1091 1302 1157 1335 que
1183 1302 1219 1326 se
1251 1291 1402 1325 esci-ivas
1434 1301 1454 1324 a
1478 1301 1540 1324 vos
1571 1289 1605 1324 la
1633 1289 1742 1334 gloria
1766 1290 1811 1323 de

185 1353 307 1395 aquest
331 1351 435 1387 affer.
488 1351 587 1385 Dann
612 1351 710 1396 gings
737 1351 866 1385 wieder
891 1362 934 1385 zu
959 1350 1150 1393 Friedrich,
1177 1351 1238 1384 der
1257 1350 1333 1384 eine
1359 1352 1481 1394 treuga
1497 1360 1566 1384 von
1593 1349 1637 1384 10
1661 1349 1809 1391 Jahren,

185 1409 523 1455 Eheverbindungen
541 1421 626 1444 usw.
653 1409 763 1446 wolle.
806 1403 1003 1444 Ᾰ111111011911
1022 1409 1229 1445 Charakters
1256 1409 1317 1443 der
1333 1409 1433 1443 Brief
1460 1408 1546 1443 iiber
1565 1408 1659 1443 seine
1678 1408 1808 1442 Unter—

184 1468 330 1513 haltung
353 1469 418 1502 mit
442 1468 622 1503 Fn'edrich
648 1469 739 1505 CRD
766 1469 810 1504 62
837 1480 863 1505 3.
882 1469 908 1504 f.
935 1489 979 1493 —
1005 1471 1072 1503 Am
1100 1470 1130 1504 1.
1150 1467 1345 1502 Dezember
1372 1468 1462 1503 1316
1487 1467 1660 1502 berichtet
1685 1477 1722 1500 er
1747 1477 1814 1500 aus>

184 1527 332 1572 Neapel:
359 1527 506 1562 Intendo
531 1538 728 1571 procurare,
757 1528 847 1572 quod
871 1538 961 1561 unus
987 1529 1216 1562 tractatorum
1242 1527 1286 1561 sit
1303 1527 1394 1561 dom.
1437 1526 1616 1570 Philippus
1642 1526 1683 1560 de
1702 1525 1813 1560 Maio-

184 1586 276 1630 ricis,
315 1586 373 1630 qui
407 1588 459 1621 est
483 1597 632 1630 persona
656 1586 806 1621 multum
832 1587 1043 1621 conveniens
1081 1588 1115 1620 et
1141 1585 1290 1620 multum
1316 1586 1509 1620 communis
1545 1585 1683 1629 utrique
1709 1585 1813 1628 parti,

184 1646 266 1680 Feci
293 1656 473 1680 remanere
505 1645 649 1690 Neapoli
680 1646 828 1680 fratrem
853 1645 1021 1680 Poncium
1048 1644 1243 1680 Carbonelli
1274 1655 1294 1679 a
1318 1648 1487 1689 tempore,
1515 1655 1581 1689 quo
1606 1644 1716 1688 primo
1742 1643 1810 1677 fuit

184 1704 330 1749 Neapoli
354 1715 465 1749 usque
489 1705 602 1748 modo,
629 1706 771 1749 propter
787 1705 863 1741 1100,
890 1707 929 1739 ut
945 1715 1084 1749 semper
1102 1706 1194 1739 esset
1210 1714 1354 1748 presens
1378 1703 1415 1737 in
1432 1703 1498 1746 his,
1524 1714 1590 1748 que
1607 1713 1669 1747 ego
1689 1703 1809 1737 decer-

185 1774 306 1798 nerem
331 1764 375 1808 (P)
401 1766 437 1798 et
461 1764 617 1798 facerem
644 1766 678 1798 et
708 1763 874 1798 haberem
907 1763 1039 1808 copiam
1066 1763 1110 1808 (P)
1141 1763 1281 1797 maioris
1313 1762 1456 1799 consilii.
1506 1763 1550 1797 Et
1580 1764 1634 1796 est
1658 1761 1809 1796 intencio

185 1833 273 1865 mea,
302 1824 391 1868 quod
407 1823 511 1857 vadat
527 1834 667 1857 mecum
692 1823 735 1858 de
752 1822 897 1867 Neapoli
915 1833 1024 1867 usque
1042 1822 1085 1856 ad
1106 1823 1195 1857 dom.
1216 1832 1353 1866 papam,
1373 1822 1498 1856 exinde
1517 1822 1606 1866 quod
1626 1821 1746 1855 mitam
1763 1820 1810 1865 (22)

186 1893 266 1916 eum
303 1883 345 1916 ad
376 1893 437 1916 vos
475 1882 518 1916 ad
554 1882 808 1916 notificandum
839 1882 916 1925 hoc,
955 1882 1044 1926 quod
1081 1882 1217 1924 fecero,
1256 1893 1335 1916 cum
1367 1891 1449 1925 rege
1480 1880 1631 1914 Roberto
1664 1884 1699 1914 et
1730 1889 1809 1913 cum

185 1941 323 1975 domino
348 1952 436 1985 papa
463 1969 469 1975 .
498 1969 504 1975 .
532 1971 539 1978 .
567 1942 617 1976 Zu
643 1941 732 1977 CRD
760 1943 862 1977 5575.

325 2000 373 2034 Er
401 2000 462 2034 hat
487 2001 578 2035 auch
608 2001 644 2034 in
676 2001 790 2035 einem
816 2000 1012 2043 Quaderm'o
1039 1999 1143 2044 (CRD
1170 1999 1275 2043 5669)
1301 1999 1403 2033 einen
1427 1998 1498 2033 Teil
1529 1998 1644 2033 seiner
1669 1997 1800 2032 Korre-

186 2059 362 2103 spondenz
393 2059 640 2094 hinterlassen:
680 2060 737 2094 Sia
768 2060 854 2094 dado
887 2062 966 2093 ante
998 2059 1039 2093 de
1071 2059 1169 2093 todas
1201 2067 1294 2093 otras
1326 2062 1438 2093 cartas
1469 2058 1504 2092 ni
1537 2057 1748 2101 escripturas
1777 2055 1812 2090 al

186 2128 313 2162 senyor
340 2128 403 2162 19),Ὗ
426 2118 588 2163 Daragon
614 2146 621 2153 .
651 2147 657 2153 .
685 2147 692 2155 .
720 2130 738 2153 e
763 2118 796 2153 13
821 2120 1002 2163 respuesta
1033 2119 1083 2152 sia
1108 2118 1254 2152 enviada
1285 2128 1305 2151 a
1330 2118 1399 2152 don
1423 2117 1513 2151 Pere
1537 2116 1734 2151 Ferrandez
1766 2125 1811 2149 911

187 2176 321 2211 8901113.
363 2177 472 2211 Darin
498 2178 554 2211 ein
578 2177 790 2221 Memoriale,
816 2188 886 2212 was
912 2178 957 2212 fr.
983 2178 1024 2212 R.
1044 2178 1087 2211 de
1112 2177 1313 2221 Mazqueffa
1337 2177 1432 2221 prior
1457 2177 1500 2210 fr.
1528 2175 1626 2211 Pred.
1644 2174 1810 2208 Valencie

187 2237 265 2270 dem
292 2236 405 2280 Konig
436 2247 537 2280 sagen
564 2236 638 2280 soll,
670 2248 750 2271 vom
777 2238 831 2272 13.
858 2237 953 2271 Marz
982 2238 1070 2271 1317
1104 2247 1166 2270 3113
1190 2236 1383 2271 Milacium:
1421 2236 1486 2270 Die
1511 2235 1644 2279 Treuga
1674 2234 1813 2267 komme

188 2295 369 2329 zustande:
408 2295 499 2328 dann
530 2295 662 2329 kommt
695 2296 757 2330 der
787 2296 1001 2330 sardinische
1032 2295 1196 2340 Feldzug.
1252 2295 1301 2330 Er
1332 2294 1437 2337 stellt,
1471 2294 1552 2328 falls
1584 2304 1623 2328 er
1653 2293 1744 2327 noch
1775 2292 1811 2326 in

187 2354 318 2388 diesem
331 2354 352 2388 J
354 2354 438 2387 ahre
457 2353 608 2397 beginnt,
623 2365 685 2398 pro
699 2355 899 2389 associando
915 2354 1042 2389 vexillo
1052 2354 1196 2389 ecclesie
1205 2354 1310 2399 (erist
1317 2353 1640 2388 stellvertretender
1654 2352 1813 2386 Banner-

186 2415 302 2457 trager
316 2413 377 2447 der
389 2413 533 2457 Kirche)
548 2413 651 2447 einen
664 2413 856 2448 Vassallen.
871 2413 919 2447 Er
937 2413 1043 2448 selbst
1055 2413 1129 2447 will
1142 2414 1196 2447 1113
1209 2413 1243 2450 h.
1258 2413 1372 2448 Land:
1387 2412 1564 2457 Supplicat
1577 2412 1693 2453 etiam,
1708 2410 1810 2455 quod,

187 2483 268 2506 cum
298 2471 424 2505 habeat
450 2474 657 2515 potestatem
682 2472 922 2506 committendi
955 2473 1232 2516 deportationem
1268 2471 1387 2506 vexilli
1415 2471 1571 2514 ecclesie,
1605 2470 1696 2515 quod
1720 2479 1813 2503 1111113

188 2531 230 2565 (19
256 2530 412 2565 vassallis
443 2531 515 2565 suis
547 2533 662 2574 portet
692 2541 754 2575 pro
780 2542 819 2565 eo
846 2531 1025 2566 vexillum.
1075 2532 1118 2566 In
1151 2532 1265 2566 einem
1296 2532 1428 2566 andern
1454 2531 1561 2566 Stiick
1592 2529 1705 2564 findet
1736 2528 1812 2563 sich

188 2589 241 2623 die
266 2590 523 2634 merkwiirdige
549 2589 670 2624 Stelle:
695 2589 748 2624 De
774 2590 934 2634 episcopo
951 2591 1158 2625 Mazariensi
1182 2601 1251 2624 non
1269 2591 1426 2634 miratur,
1453 2590 1533 2635 quia
1549 2590 1698 2624 sustinet
1714 2587 1811 2629 illud,

188 2649 279 2693 quod
302 2649 376 2693 ipse
402 2649 532 2692 incepit
557 2653 592 2682 et
617 2649 817 2692 procuravit
841 2660 921 2683 cum
947 2649 1167 2693 imperatore,
1189 2652 1227 2683 ut
1253 2650 1380 2684 dicitur
1405 2649 1447 2683 ab
1473 2648 1682 2683 hominibus.
1724 2646 1812 2680 Was

188 2707 251 2742 soll
268 2707 381 2743 dieses
398 2708 564 2742 heissen?
583 2708 629 2741 Es
648 2707 790 2741 handelt
807 2707 881 2742 sich
899 2708 989 2742 doch
1006 2719 1066 2742 um
1083 2709 1129 2742 fr.
1147 2709 1369 2753 Peregrinus,
1400 2709 1462 2742 der
1486 2708 1523 2742 in
1548 2707 1678 2741 diesem
1704 2705 1811 2740 Jahre

187 2765 331 2801 Bischof
367 2778 435 2800 von
468 2767 629 2800 Mazzara
666 2766 796 2810 ὀε-111119,
834 2766 959 2800 11111191
990 2766 1183 2801 Gesandter
1218 2767 1417 2801 Friedrichs
1455 2778 1499 2800 zu
1535 2765 1704 2800 Heinrich
1730 2764 1810 2799 VH.

187 2835 260 2858 war
285 2826 356 2859 und
383 2826 429 2859 im
455 2825 587 2860 Herbst
620 2825 674 2859 bei
700 2825 780 2858 dem
805 2824 1105 2870 Treuga-Vertrag
1130 2826 1316 2860 erscheint.
1365 2826 1412 2860 Es
1437 2825 1525 2869 folgt
1550 2825 1607 2859 ein
1632 2823 1810 2857 charakte-

188 2883 380 2918 ristisches:
396 2883 579 2918 consilium
587 2883 725 2919 Christi.
743 2883 830 2917 1317
846 2883 893 2917 im
906 2883 1085 2927 Friihjahr
1098 2884 1305 2918 erscheinen
1320 2885 1412 2918 dann
1425 2882 1619 2928 papstliche
1628 2881 1811 2924 Gesandte,

189 2943 407 2987 (Guillelmus
432 2943 612 2978 Trecensis
644 2954 697 2986 ep.
729 2943 801 2976 und
825 2942 951 2976 Petrus
983 2942 1078 2986 prior
1102 2953 1127 2976 3.
1155 2943 1333 2986 Antonini,
1365 2943 1427 2977 der
1459 2944 1594 2986 spatere
1621 2940 1810 2983 Kardinal),

189 3002 245 3036 ein
281 3002 565 3047 aragonesischer
602 3002 759 3045 (Nax-nau
789 3000 997 3045 Torreylles)
1035 3001 1107 3034 und
1145 3001 1201 3036 ein
1233 3001 1427 3036 Gesandter
1464 3001 1526 3035 der
1555 2999 1706 3044 K‘onigin
1743 3009 1811 3032 von

187 3060 362 3106 Portugal.
413 3060 502 3105 (vgl.
529 3060 646 3094 Zurita
671 3061 703 3094 ll
736 3059 758 3096 l.
786 3060 829 3104 0.)
878 3059 1021 3093 Narnau
1054 3059 1226 3094 berichtet
1257 3070 1313 3094 am
1347 3061 1400 3094 17.
1433 3059 1519 3093 Mai:
1557 3058 1599 3093 El
1630 3058 1810 3101 dicmenge
