2296 3512
1104 258 1422 298 —822—

456 386 655 428 validum
694 386 854 427 reddat
894 385 1233 427 matrimonium
1274 398 1487 428 concessa
1519 384 1791 440 generaliter
1823 385 1940 428 sicut
1972 399 2071 441 spe-

457 456 645 509 cialiter,
672 469 753 498 nec
773 456 839 498 ita
862 455 1025 498 solidet
1048 469 1099 497 ac
1126 456 1295 511 quietet
1319 457 1455 498 corda
1478 455 1684 511 gencium
1707 456 1929 510 generalis
1957 455 2071 498 sicut

457 527 665 583 specialis
709 540 853 582 neque
897 526 1026 568 cedat
1069 526 1233 568 honori
1278 531 1426 569 vestro
1473 540 1524 568 ac
1571 526 1826 567 reverencie
1875 530 1918 567 et
1966 525 2074 567 dicti

457 596 632 652 negocii
677 596 902 652 generalis
948 596 1064 638 sicut
1111 596 1339 652 specialis:
1388 596 1577 638 nimium
1629 596 1926 639 formidamus
1975 609 2072 638 eam

457 667 730 722 generaliter
746 667 945 722 recipere
967 667 1136 722 absque
1158 669 1372 709 mandato
1395 670 1547 709 vestro
1572 680 1784 723 expresso
1809 670 1852 709 et
1874 666 2073 722 speciali.

457 738 649 793 Propter
676 738 761 779 hoc
787 737 997 793 dignetur
1023 737 1275 779 dominacio
1298 741 1450 780 vestra
1472 736 1843 780 festinantissime
1874 740 2075 779 vestrum

459 808 696 851 consilium
740 812 782 850 et
821 807 1154 863 beneplacitum
1193 808 1437 860 remittere,
1472 808 1577 863 quia
1610 808 1807 849 breviter
1839 820 2075 863 speramus

459 879 689 921 dominum
728 892 897 934 papam
935 892 1016 921 nos
1050 880 1210 921 debere
1244 891 1405 920 vocare
1439 891 1574 933 super
1604 878 1865 933 recepcione
1899 878 2076 933 dispen-

459 949 654 992 sacionis
688 950 925 1005 sepedicte.
990 947 1091 1002 Cui,
1127 949 1166 992 si
1198 948 1471 1004 generaliter
1504 962 1601 991 eam
1644 948 1773 990 nobis
1813 949 1900 1001 det,
1932 948 2077 990 inten-

461 1021 607 1063 dimus
641 1020 911 1076 supplicare,
951 1020 1067 1062 sicut
1099 1020 1192 1061 iam
1225 1019 1591 1075 supplicavimus,
1627 1021 1746 1074 quod
1777 1019 1922 1074 ipsam
1947 1018 2077 1061 nobis

459 1091 536 1132 det
582 1091 710 1133 iuxta
757 1091 951 1132 formam
993 1089 1343 1146 supplicacionis
1391 1089 1651 1145 supradicte
1686 1123 1694 1130 .
1731 1124 1739 1130 .
1776 1123 1783 1130 .
1860 1088 1992 1141 Quod
2039 1088 2079 1131 si

460 1162 609 1204 facere
651 1161 804 1212 nollet,
848 1160 1113 1217 exprimatis
1152 1160 1297 1212 nobis,
1331 1161 1453 1215 quod
1485 1173 1621 1215 super
1651 1160 1736 1201 hoc
1767 1159 1915 1201 facere
1948 1160 2079 1201 debe·

461 1245 609 1283 amus3
642 1232 773 1275 nobis
806 1231 1122 1274 nichilominus
1157 1231 1347 1283 videtur,
1397 1231 1529 1286 quod,
1584 1231 1622 1272 si
1674 1230 1720 1272 in
1752 1229 1936 1285 speciali
1982 1243 2080 1271 eam

463 1304 705 1345 concedere
736 1303 889 1353 nollet,
924 1303 1043 1357 quod
1076 1301 1332 1357 generalem
1364 1301 1681 1356 reciperemus,
1716 1300 1821 1355 quia
1853 1300 1899 1342 in
1922 1300 2082 1342 effectu

463 1387 552 1416 non
599 1373 789 1415 multum
839 1373 1024 1423 distant,
1072 1372 1314 1428 presertim
1368 1385 1467 1413 cum
1521 1371 1688 1414 dictum
1742 1370 2081 1412 matrimonium

461 1444 681 1486 vallatum
714 1445 772 1487 sit
807 1457 1026 1486 consensu
1054 1447 1096 1485 et
1122 1442 1334 1498 homagio
1369 1447 1411 1484 et
1444 1442 1585 1484 eciam
1608 1442 1860 1484 iuramento
1883 1441 2081 1493 illorum,

464 1515 542 1571 qui
573 1514 842 1556 videbantur
876 1518 1008 1556 antea
1041 1513 1274 1556 rebellare.
1339 1513 1464 1555 Unde
1497 1526 1586 1554 non
1620 1517 1687 1555 est
1707 1516 1884 1554 tantum
1907 1511 2082 1567 pericu-

462 1585 569 1635 lum,
605 1586 723 1640 quod
761 1585 907 1641 possit
939 1584 1246 1627 verisimiliter
1284 1584 1476 1639 predicti
1518 1582 1798 1625 matrimonii
1840 1581 2082 1626 dissolucio

464 1656 699 1698 imminere
734 1689 741 1696 .
779 1690 786 1698 .
823 1689 831 1696 .
894 1656 998 1698 Dat.
1060 1654 1284 1697 Auinione
1329 1654 1374 1696 in
1419 1654 1489 1696 die
1531 1654 1837 1696 conversionis
1883 1667 1916 1696 s.
1956 1651 2085 1694 Pauli

463 1727 576 1769 hora
608 1727 753 1768 tarda.

604 1807 695 1844 CRD
725 1807 854 1844 10471.
905 1806 962 1842 Or.
989 1806 1071 1850 Pap.
1099 1806 1174 1850 Ssp.
1208 1816 1275 1839 von
1307 1806 1392 1839 zwei
1423 1804 1562 1839 kleinen
1593 1804 1740 1849 Siegeln.
1790 1805 1854 1838 Die
1879 1803 2086 1848 auffalligen

464 1867 656 1902 Ansichten
687 1865 775 1899 iiber
806 1865 861 1899 die
887 1865 1105 1909 Wirlmngen
1137 1865 1199 1899 der
1231 1864 1354 1899 beiden
1379 1864 1575 1908 Dispensen
1607 1864 1751 1898 diirften
1782 1863 1843 1897 fiir
1867 1862 2087 1897 Kanonisten

464 1926 638 1961 Interesse
664 1924 787 1959 haben.

467 2095 565 2135 511.
589 2093 617 2136 J
620 2103 748 2147 aymo
770 2092 836 2133 Π.
861 2103 919 2133 an
940 2091 1176 2134 ‚Iohannes
1197 2089 1379 2131 XXIl.:
1413 2087 1807 2141 Zuriickweisung
1828 2087 1913 2130 der
1934 2087 2088 2141 papst-

466 2163 624 2205 h’chen
641 2162 1087 2215 Anschuldigungen
1108 2171 1267 2213 wegen
1289 2159 1372 2201 (ler
1390 2159 1538 2201 durch
1556 2157 1750 2200 Alfonso
1770 2158 2089 2200 veranlassten

466 2234 784 2285 Vertreibung
830 2232 909 2274 des
949 2230 1166 2274 Bischofs
1212 2230 1304 2272 und
1346 2230 1519 2273 Klerus
1566 2240 1648 2270 aus
1680 2229 1959 2279 Barcelona3
2008 2228 2089 2270 Er-

466 2304 672 2356 klarung
715 2303 794 2345 des
826 2302 1118 2356 Vorgehens,
1167 2301 1247 2343 das
1292 2312 1345 2343 er
1388 2299 1683 2352 riickgangig
1726 2299 1961 2352 gemacht3
2007 2298 2091 2339 der

468 2375 640 2417 Klerus
686 2374 804 2415 habe
851 2373 950 2416 sich
999 2371 1346 2426 unpatriotisch
1394 2371 1591 2424 gezeigt.
1668 2369 1925 2412 Barcelona
1979 2367 2093 2410 1326

1162 2442 1299 2496 April
1333 2441 1402 2483 15.
2031 2442 2033 2444 ’

609 2548 758 2584 Michael
782 2548 1043 2582 archidiaconus
1063 2547 1250 2581 Darocem's
1276 2546 1337 2580 hat
1355 2546 1428 2580 ihm
1446 2545 1664 2589 papstlichen
1681 2544 1779 2578 Brief
1803 2543 1978 2588 gebracht,
2006 2542 2093 2576 iiber

470 2609 524 2643 die
550 2607 785 2653 preconizacio
810 2607 878 2641 hiis
903 2606 1024 2640 diebus
1050 2607 1144 2640 sacta
1168 2606 1204 2639 in
1229 2605 1367 2640 civitate
1393 2603 1679 2646 Barchinonensi,
1712 2613 1773 2647 per
1799 2613 1903 2647 quam
1922 2629 1928 2635 .
1950 2629 1956 2635 .
1978 2628 1985 2635 .
2004 2601 2093 2644 epis-

471 2678 576 2711 copus
602 2678 682 2702 cum
708 2667 863 2701 eiusdem
889 2666 1038 2701 civitatis
1065 2665 1158 2699 clero
1184 2675 1203 2698 a
1228 2664 1320 2698 dicta
1345 2664 1484 2698 civitate
1511 2662 1710 2707 compulsus
1744 2668 1796 2696 est
1821 2660 1973 2695 exulare.
2021 2659 2094 2694 Der

469 2727 576 2770 Papst
600 2727 734 2760 fordert
763 2726 824 2760 ihn
850 2726 910 2759 aus
942 2736 1003 2759 zur
1028 2724 1252 2767 Beseitigung
1277 2723 1390 2757 dieses
1415 2721 1577 2757 Scandals
1610 2732 1678 2756 non
1703 2720 1862 2755 simulate
1887 2729 1952 2753 nec
1984 2718 2093 2762 parti-

471 2785 649 2829 culariter3
684 2796 722 2819 er
747 2784 830 2819 selle
856 2784 931 2819 sich
972 2783 1069 2818 nicht
1094 2783 1258 2816 immunis
1283 2781 1442 2826 glauben,
1481 2780 1559 2815 weil
1584 2791 1622 2815 er
1647 2791 1684 2815 es
1710 2779 1818 2814 selbst
1847 2778 1945 2812 nicht
1975 2777 2094 2821 getam

472 2855 510 2878 er
540 2844 626 2878 wird
657 2844 811 2878 erinnert
848 2854 892 2878 an
923 2844 983 2877 das
1015 2841 1166 2885 Beispiel
1204 2841 1263 2875 des
1295 2840 1387 2883 Heli,
1426 2840 1481 2874 cui
1513 2841 1655 2883 peccata
1685 2838 1851 2881 filiorum,
1877 2836 1958 2870 h'cet
1988 2835 2025 2869 in
2056 2845 2093 2869 se

473 2903 582 2937 bonus
609 2902 783 2945 existeret,
809 2903 979 2946 imputata
1002 2902 1157 2935 fuerunt.

613 2975 788 3007 Antwort:
814 2972 939 3008 Sobald
964 2982 1002 3005 er
1026 2982 1063 3006 es
1089 2971 1265 3012 erfahren,
1292 2970 1380 3004 habe
1406 2980 1444 3002 er
1472 2969 1656 3002 Widerruf
1681 2966 1838 3010 verlangt
1862 2965 1934 2999 und
1959 2963 2098 3009 erlangt

472 3044 542 3066 von
566 3032 633 3066 den
658 3031 877 3076 Beteiligten.
928 3031 1033 3065 Hatte
1063 3031 1172 3074 jener,
1211 3030 1273 3064 der
1301 3028 1355 3063 die
1383 3027 1673 3070 Anschuldigung
1703 3026 1783 3060 dem
1807 3025 1933 3068 Papste
1963 3023 2098 3057 hinter·
