2296 3512
904 206 1220 246 —799—

393 336 489 377 Hec
532 334 715 376 fuerunt
758 335 897 375 verba
939 346 1022 375 sua
1064 334 1119 374 ad
1157 332 1338 374 literam
1372 333 1491 375 etin
1526 333 1697 375 effectu.
1762 330 1878 374 Cras

253 406 324 448 die
357 405 582 447 dominica
612 404 709 446 XV.
743 404 961 445 kalendas
995 402 1135 444 Madii
1173 403 1358 445 intendo
1392 404 1573 445 domino
1607 403 1798 444 faciente
1832 405 1879 444 et

254 477 517 530 disponente
560 475 733 516 intrare
767 475 822 515 ad
856 473 1087 515 dominum
1123 486 1302 528 papam,
1337 476 1381 516 et
1412 473 1574 528 scripsi
1605 487 1743 515 manu
1775 486 1876 514 mea

252 547 298 589 in
330 558 604 601 pergameno
636 544 821 587 nomina
854 543 1139 585 dominorum
1172 543 1509 586 nominatorum
1542 557 1624 599 per
1656 544 1873 595 ordinem,

253 621 303 659 ut
335 619 440 659 sunt
472 616 517 658 in
548 615 875 658 informacione
907 613 1128 656 nominati
1160 614 1205 655 in
1240 615 1358 656 hunc
1388 615 1591 656 modum:

395 685 537 729 Gasto
572 686 916 728 archidiaconus
948 684 1344 735 Barchinonensis,
1378 684 1571 728 illustris
1603 684 1724 740 regis
1759 686 1878 726 Ara-

253 772 420 814 gonum
454 757 816 812 consanguineus
850 759 894 798 et
926 755 1138 810 affinis.4)

535 828 774 870 Eximinus
806 826 1186 869 Terrachcnensis
1214 826 1591 880 archiepiscopus.

535 900 697 941 Petrus
730 896 1156 953 Cesaraugustanus
1190 896 1439 951 episcopus.

536 969 729 1012 Poncius
761 968 1142 1011 Barchinonensis
1178 967 1428 1022 episcopus.

535 1040 729 1083 Poncius
760 1039 1007 1082 Ilerdensis
1041 1039 1291 1094 episcopus.

536 1111 838 1167 Berengarius
871 1110 1162 1153 Dertusensis
1196 1109 1445 1164 episcopus.

395 1183 453 1224 Et
500 1182 655 1225 oblata
712 1182 871 1223 cedula
918 1181 1167 1232 antedicta,
1225 1182 1273 1221 ut
1329 1180 1539 1222 dominus
1580 1192 1699 1233 papa
1743 1179 1879 1221 michi

254 1253 503 1306 mandavit,
536 1252 770 1307 suplicabo
805 1256 847 1294 et
869 1252 1064 1303 instabo,
1099 1266 1199 1293 cum
1230 1254 1402 1306 quanta
1426 1250 1684 1292 humilitate
1706 1252 1881 1304 potero,

255 1338 335 1379 pro
381 1326 510 1378 parte
552 1323 723 1366 domini
754 1324 876 1379 regis
910 1326 954 1365 et
986 1322 1165 1365 domine
1197 1322 1366 1378 regine,
1401 1322 1521 1376 quod
1555 1334 1708 1363 eorum
1742 1320 1880 1374 supli-

255 1395 378 1438 cacio
416 1395 643 1437 sorciatur
676 1395 896 1446 effectum,
938 1396 1074 1448 prout
1105 1392 1386 1436 ministrabit
1417 1392 1506 1444 ille,
1541 1405 1567 1433 a
1602 1404 1687 1446 quo
1721 1393 1880 1433 cuncta

255 1466 386 1518 bona,
427 1469 471 1508 et
509 1465 604 1508 sine
643 1479 731 1521 quo
769 1465 926 1517 nichil,
967 1465 1020 1506 de
1059 1477 1147 1520 quo
1181 1463 1401 1518 scriptum
1435 1466 1523 1506 est:
1565 1462 1741 1514 Omnia,
1775 1476 1882 1518 que-

256 1550 431 1591 cunque
468 1536 625 1589 voluit,
665 1535 771 1578 fecit
811 1535 857 1577 in
900 1535 995 1577 celo
1038 1539 1081 1576 et
1122 1535 1167 1576 in
1201 1538 1338 1587 terra,
1383 1538 1425 1575 et
1457 1534 1503 1575 in
1534 1533 1648 1576 Job:
1697 1532 1745 1575 Si
1778 1546 1881 1575 con-

255 1607 442 1649 tinuerit
475 1621 631 1663 aquas,
666 1606 993 1661 sicabuntiir.5)

396 1678 535 1720 Aliud
568 1677 819 1732 negocium,
852 1690 934 1732 pro
969 1691 1057 1732 quo
1090 1677 1254 1719 missus
1288 1677 1477 1728 fueram,
1511 1675 1621 1717 facit
1650 1674 1880 1717 dominum

256 1749 587 1804 Neapoleonem
629 1752 672 1790 et
716 1749 1108 1802 archiepiscopum
1140 1749 1446 1789 Arborensem
1493 1749 1535 1788 et
1575 1760 1646 1788 me
1679 1749 1801 1789 stare
1834 1745 1878 1787 in

257 1833 423 1875 magna
464 1820 784 1875 perplexitate,
831 1819 938 1874 quia
970 1819 1160 1861 nuncius
1194 1818 1316 1860 venit
1350 1819 1402 1860 de
1436 1817 1656 1869 Marsilia,
1689 1830 1883 1859 narrans

259 1892 378 1946 quod
411 1891 613 1946 quotidie
647 1894 912 1945 expectatur
944 1890 1009 1932 ibi
1032 1903 1176 1945 coqua
1201 1888 1251 1931 G.
1279 1890 1426 1931 Fabre
1459 1889 1512 1930 de
1537 1887 1749 1930 Sardinia
1774 1901 1880 1929 ven-

258 1962 422 2016 turass)
485 1962 582 2017 Ego
615 1961 747 2003 hodie
791 1961 855 2003 fui
897 1975 997 2002 cum
1046 1961 1226 2002 domino
1259 1959 1518 2014 Napoleone
1562 1960 1618 2000 ad
1651 1959 1883 2000 sciendum

260 2045 360 2073 cum
394 2045 458 2084 eo,
492 2033 600 2088 quid
633 2046 714 2087 ego
749 2032 942 2086 amplius
976 2032 1116 2073 debeo
1150 2031 1310 2073 facere:
1375 2031 1432 2071 Et
1462 2030 1560 2085 ipse
1592 2029 1638 2071 in
1672 2029 1760 2071 mei
1784 2041 1880 2083 pre-

260 2103 411 2145 sencia
453 2103 578 2145 misit
620 2116 702 2157 pro
744 2103 1084 2159 archiepiscopo
1119 2101 1382 2154 Arborensi,
1426 2101 1503 2156 qui
1544 2100 1676 2142 debet
1709 2113 1805 2143 esse
1838 2100 1883 2141 in

260 2187 343 2216 sua
359 2174 593 2229 presencia
617 2188 716 2217 cras
739 2175 945 2230 predicta
967 2174 1037 2215 die
1061 2173 1301 2225 dominica,
1325 2175 1369 2214 et
1391 2171 1639 2224 condicent,
1664 2173 1883 2226 quantum

259 2258 342 2300 pro
386 2245 587 2299 predicto
629 2245 816 2300 negocio
852 2245 1112 2299 expectabo,
1146 2246 1197 2285 ut
1230 2246 1394 2285 extunc
1426 2243 1693 2285 recederem.
1757 2241 1885 2284 Dixit

259 2319 412 2357 tamen
456 2315 593 2357 michi
633 2316 842 2358 dominus
875 2316 1123 2370 Neapoleo,
1158 2315 1278 2370 quod
1309 2314 1406 2368 ipse
1438 2313 1645 2365 intendit,
1679 2313 1812 2367 quod,
1846 2312 1885 2354 si

260 2386 497 2440 negocium
529 2386 719 2439 veniret,
751 2389 802 2428 ut
824 2388 1049 2439 obtamus,
1081 2388 1325 2442 postquam
1350 2398 1432 2440 ego
1456 2384 1560 2426 hinc
1582 2384 1883 2436 recessissem,

261 2457 357 2511 ipse
388 2457 569 2498 miteret
600 2459 705 2511 post
735 2470 807 2498 me
839 2456 1037 2499 velocem
1073 2470 1318 2507 cursorem,
1352 2457 1427 2511 qui
1451 2455 1622 2497 faceret
1644 2468 1715 2496 me
1738 2454 1885 2496 redire

263 2529 318 2570 ad
362 2527 519 2569 villam
561 2528 707 2569 sancti
737 2528 918 2569 Andree
959 2530 1087 2569 trans
1119 2527 1357 2569 Rodanum
1403 2528 1447 2567 et
1477 2526 1574 2580 ipse
1605 2524 1692 2567 iret
1725 2526 1781 2567 ad
1813 2537 1885 2566 me

261 2599 397 2653 illicss)
432 2601 475 2639 et
506 2598 758 2640 faceremus
790 2597 911 2639 facta
934 2601 1104 2649 nostra,
1139 2597 1258 2653 quia,
1294 2611 1346 2638 ex
1371 2609 1457 2651 quo
1482 2608 1625 2638 essem
1649 2595 1885 2650 expeditus

406 2684 434 2723 C)
459 2680 533 2723 ipse
559 2680 650 2713 irent
674 2679 717 2713 ad
741 2690 797 2713 me
823 2679 872 2712 illi
897 2679 954 2714 Or.

404 2786 431 2830 4)
457 2786 608 2820 Seitdem
634 2785 891 2820 Weihnachten
920 2784 1008 2819 1322
1034 2785 1159 2828 Jayme
1184 2784 1229 2818 ΙΙ.
1264 2784 1318 2818 die
1344 2783 1507 2818 Elisenda
1532 2783 1574 2817 de
1600 2782 1796 2817 Monohada
1825 2792 1884 2825 ge-

262 2847 411 2880 heiratet
436 2846 542 2881 hatte.

406 2916 432 2960 ⁵)
457 2916 523 2950 Job
550 2915 592 2949 12
620 2926 648 2949 c.
677 2915 730 2949 15.

407 2987 434 3031 5)
459 2988 506 3022 Es
530 2986 672 3020 handelt
698 2985 773 3019 sich
798 2996 858 3019 um
885 2985 952 3019 den
978 2985 1120 3028 Anfang
1145 2985 1208 3019 der
1232 2983 1475 3019 sardinischen
1499 2982 1718 3026 Expedition.
