2296 3512
949 265 1266 304 -667—

297 385 463 440 figurat
494 386 540 427 in
573 387 782 442 angelum
814 388 988 444 lueis1),
1022 393 1071 431 ut
1099 391 1206 433 dicit
1239 395 1486 448 apostolus,
1520 397 1602 438 sub
1638 397 1915 452 quibusdam

297 455 595 499 exterioribus
634 457 788 513 signis,
831 473 916 514 que
957 461 1092 515 vulgo
1133 465 1407 516 pretendunt
1443 467 1699 522 ymaginem
1741 469 1907 511 sancti-

295 525 417 578 tatis,
451 529 683 582 tamquam
716 529 798 570 sub
831 530 947 585 pelle
979 531 1113 573 ovina
1135 532 1338 588 lupinam
1360 535 1560 579 velantes
1588 538 1826 592 malitiam,
1867 539 1912 581 in

296 595 565 651 quibusdam
598 611 645 640 se
678 599 940 655 colligentes
972 601 1083 643 locis
1116 615 1333 657 seorsum,
1369 607 1425 647 ab
1453 607 1715 651 obediencia
1739 613 1782 652 et
1814 610 1911 652 uni-

295 668 389 708 tate
421 667 592 711 ordinis
624 670 880 713 temeritate
918 673 1136 727 nepharia
1168 680 1451 718 recesserunt
1484 680 1526 719 et
1558 679 1793 723 diabolicis
1818 681 1913 737 agi-

293 736 379 778 tati
411 737 606 781 stimulis
640 741 911 783 conscientie
936 755 986 784 ac
1011 744 1274 786 verecundie
1306 746 1453 801 ruptis
1485 748 1671 792 habenis
1704 754 1914 794 sanctam

294 809 664 851 communitatem
727 811 899 855 caninis
976 813 1311 857 blasfemabant
1378 816 1620 861 latratibus
1684 824 1726 862 et
1788 822 1906 865 filios
1943 838 1952 843 ·

292 879 453 922 matris
486 894 563 923 sue
596 882 714 924 sevis
747 884 982 927 conatibus
1014 885 1357 941 impugnabant,
1397 892 1447 930 ut
1478 889 1753 945 impleretur,
1792 894 1914 948 quod

294 948 402 991 dicit
434 951 621 994 ecclesia
653 953 877 996 iustorum
909 956 962 997 de
995 956 1223 1012 reprobis:
1266 958 1368 999 Filii
1399 960 1559 1002 matris
1591 975 1701 1014 mee,
1741 963 1912 1019 inquid,

291 1026 608 1075 pugnaverunt
653 1026 810 1066 contra
850 1039 932 1067 me.
948 1027 984 1081 2)
1062 1026 1386 1079 Questionibus
1434 1044 1611 1086 quoque
1652 1033 1787 1076 motis
1830 1049 1911 1090 per

293 1104 382 1143 eos,
427 1093 511 1134 Dei
558 1095 713 1150 gracia
759 1109 859 1138 cum
903 1097 1072 1140 honore
1117 1099 1289 1142 ordinis
1337 1100 1529 1143 veritate
1584 1102 1787 1145 vincente
1831 1119 1912 1160 per

292 1162 588 1217 apostolicam
637 1167 785 1209 sedem
834 1168 1009 1220 decisis,
1064 1170 1378 1214 sanctissimus
1425 1174 1557 1227 pater
1602 1176 1645 1215 et
1693 1175 1913 1230 dominus,

290 1232 497 1276 dominus
530 1248 650 1291 papa
681 1250 762 1292 per
794 1239 1045 1293 apostolica
1077 1240 1250 1296 scripta
1271 1242 1518 1295 mandavit,
1552 1247 1614 1295 ut,
1639 1245 1745 1300 quia
1768 1248 1907 1288 teme-

289 1304 409 1346 rarie
448 1306 503 1347 ab
543 1306 804 1350 obediencia
842 1309 1073 1364 religionis
1112 1315 1407 1365 recesserant,
1446 1314 1593 1356 redire
1637 1320 1913 1371 cogerentur

289 1377 332 1416 et
379 1376 472 1418 suis
517 1378 827 1433 superioribus
875 1381 1070 1423 obedire.
1140 1382 1258 1434 Quia
1302 1398 1408 1427 vero
1457 1386 1650 1428 salutem
1697 1387 1912 1429 sitiebam

287 1445 505 1501 ipsorum,
556 1449 708 1492 volens
742 1464 817 1493 eos
861 1451 905 1493 in
954 1452 1188 1495 dulcedine
1233 1455 1383 1497 studio
1430 1457 1666 1511 prevenire
1703 1461 1910 1513 paterno,

289 1519 531 1573 antequam
564 1533 645 1575 per
679 1520 797 1562 viam
831 1523 1076 1566 coactionis
1114 1526 1418 1580 procederem,
1458 1527 1629 1582 pluries
1663 1531 1706 1570 et
1737 1529 1912 1585 pluries

286 1587 489 1632 valentes
522 1590 687 1634 fratres
723 1593 779 1634 ad
812 1592 936 1648 ipsos
967 1595 1168 1649 premisi,
1203 1596 1394 1640 offerens
1427 1597 1608 1653 plenam
1641 1600 1817 1641 veniam
1860 1601 1912 1642 de

286 1659 535 1714 premissis,
561 1665 603 1703 et
627 1662 870 1705 clementer
890 1664 1103 1714 invitans,
1124 1667 1243 1721 quod
1266 1668 1412 1710 securi
1434 1669 1640 1712 venirent
1662 1671 1912 1726 recipiendi

289 1730 346 1771 ad
377 1731 503 1786 pacis
536 1733 740 1775 osculum
774 1737 818 1776 et
857 1735 1062 1779 caritatis
1108 1738 1378 1793 amplexum.
1450 1740 1545 1795 Ipsi
1588 1755 1710 1794 vero,
1754 1743 1911 1796 paucis

289 1802 501 1857 exceptis,
547 1804 625 1859 qui
664 1806 902 1849 redeuntes
939 1807 1127 1863 benigne
1169 1809 1366 1864 suscepti
1408 1814 1526 1863 sunt,
1573 1812 1680 1867 quia
1722 1813 1910 1866 spiritus

289 1884 363 1914 eos
395 1873 542 1916 malus
582 1875 756 1931 agitare
797 1890 886 1919 non
930 1881 1077 1920 cessat
1110 1882 1152 1920 et
1185 1880 1238 1921 de
1270 1880 1388 1923 male
1422 1883 1478 1924 ad
1510 1883 1637 1936 peius
1678 1883 1907 1938 inpellere,

287 1944 521 1998 tamquam
570 1945 744 2001 indigni
785 1948 940 2003 gracia
986 1952 1028 1991 et
1072 1950 1380 1994 misericordie
1422 1966 1510 1995 non
1552 1967 1740 2008 capaces
1784 1968 1904 1997 rece-

288 2013 442 2057 dentes
474 2019 694 2059 nocturno
728 2021 931 2073 tempore
962 2033 1120 2062 versus
1155 2019 1369 2075 Siciliam,
1404 2023 1521 2065 sicut
1548 2025 1781 2077 asseritur,
1805 2028 1910 2068 sunt

286 2084 491 2139 profecti,
509 2100 695 2130 numero
720 2089 899 2131 circiter
921 2091 1238 2146 quadraginta.
1293 2093 1594 2148 Disponentes
1616 2095 1717 2137 loca
1742 2099 1908 2150 petere,

286 2155 364 2197 ubi
397 2160 554 2199 contra
592 2160 711 2202 sedis
751 2161 997 2215 apostolice
1040 2175 1092 2204 ac
1123 2163 1357 2218 religionis
1402 2167 1619 2208 mandata
1650 2166 1826 2220 possint
1857 2167 1902 2208 in

287 2239 368 2268 suo
401 2227 659 2271 rebellionis
683 2234 726 2272 et
748 2232 1062 2284 perversitatis
1085 2234 1318 2287 protervia
1340 2249 1387 2278 se
1410 2237 1540 2289 tueri,
1565 2237 1721 2291 peiora
1743 2238 1904 2292 priori-

285 2297 369 2339 bus
403 2312 536 2353 agere
569 2302 613 2341 et
643 2302 859 2344 scandala
892 2304 1119 2347 scandalis
1151 2305 1392 2358 inculcare,
1420 2307 1778 2350 machinationes
1801 2309 1904 2351 hor-

286 2369 464 2421 rendas,
508 2383 619 2425 quas
664 2386 750 2414 non
798 2374 984 2428 explico,
1034 2375 1151 2417 sicut
1199 2390 1253 2417 ex
1298 2390 1453 2419 eorum
1498 2378 1630 2421 dictis
1677 2382 1719 2421 et
1764 2379 1906 2434 signis

286 2439 528 2494 colligitur,
582 2442 844 2497 cogitantes.
922 2443 1116 2499 Sperant
1169 2449 1334 2500 autem,
1390 2452 1526 2502 prout
1578 2450 1775 2505 quidam,
1832 2451 1908 2506 qui

284 2511 516 2553 redierunt
549 2526 602 2553 ex
635 2512 712 2565 eis,
746 2518 967 2568 asserunt,
1001 2518 1084 2560 sub
1118 2517 1312 2560 illustris
1344 2519 1514 2562 domini
1536 2521 1657 2576 regis
1680 2521 1907 2563 Frederici

286 2581 491 2636 germani
530 2583 669 2625 vestri
700 2586 954 2638 patrocinio
993 2588 1145 2643 colligi
1178 2592 1220 2630 et
1262 2589 1452 2632 defendi.
1517 2590 1647 2643 Quod
1680 2591 1719 2634 si
1750 2606 1907 2634 verum

286 2655 417 2705 esset,
452 2655 671 2708 quantum
703 2654 798 2697 Deo
832 2659 875 2698 et
896 2657 1153 2701 hominibus
1176 2660 1338 2702 merito
1370 2661 1640 2715 displiceret,
1666 2666 1904 2718 quantum-

286 2736 372 2778 que
410 2737 498 2765 non
542 2724 691 2766 minus
732 2726 893 2768 honori
934 2740 1015 2770 suo
1058 2742 1193 2783 quam
1236 2730 1383 2773 favori
1424 2731 1596 2775 ordinis
1641 2734 1905 2788 derogaret:

284 2795 487 2848 preclare
519 2798 669 2837 vestre
710 2796 931 2850 sapientie
969 2798 1134 2841 iudicio
1176 2800 1473 2856 relinquatur.
1538 2801 1733 2857 Cupiens
1765 2804 1906 2859 igitur

283 2864 483 2907 fidelium
516 2866 744 2909 scandalis
777 2867 960 2909 obviare
994 2877 1037 2911 et
1064 2883 1361 2924 personarum
1395 2875 1438 2914 et
1470 2875 1673 2916 statuum
1705 2874 1905 2929 opinioni

427 2982 451 3023 ι)
482 2981 504 3015 ‘2
531 2982 609 3018 Cor.
639 2984 692 3026 11,
721 2984 774 3017 14.

426 3040 452 3085 2)
485 3041 583 3077 Cant.
612 3042 643 3077 1.
671 3041 701 3076 b.
729 3042 761 3077 6.
