2296 3512
1001 260 1317 300 —718—-

349 384 532 439 Jaymes
573 385 719 427 durch
761 384 836 427 die
877 387 1264 439 aragonesischen
1296 388 1655 442 Templergiiter
1693 389 1787 431 und
1830 388 1970 441 Geld;

561 456 602 497 2.
635 455 880 497 Friedrich
912 457 1068 498 erh'alt
1100 457 1343 500 Albanien.
1406 458 1514 513 (Um
1552 457 1755 516 1316s7.)

490 537 668 579 Primus
700 538 860 580 modus
893 538 1016 592 pacis
1050 542 1117 581 est
1148 539 1247 591 iste,
1288 541 1407 595 quod
1439 554 1518 581 rex
1551 541 1775 583 Robertus
1806 555 1971 597 procu-

350 607 472 648 rabit
505 621 604 649 cum
638 607 795 660 efectu,
839 609 958 663 quod
990 609 1087 664 regi
1119 611 1384 665 Aragonum
1425 611 1470 652 in
1503 612 1968 666 recompensationem

351 675 557 719 Sardinie
590 679 894 720 concedantur
928 680 982 721 ab
1017 680 1207 723 ecclesia
1238 680 1338 723 loca
1371 684 1414 722 et
1446 683 1564 723 bona
1592 682 1968 737 Templariorum,

351 761 435 803 que
469 751 573 791 sunt
604 748 650 790 in
682 762 822 803 regno
855 763 949 792 suo.
1007 750 1067 792 Et
1097 750 1281 805 insuper
1313 751 1441 793 dabit
1474 752 1615 794 eidem
1650 751 1696 794 C.
1730 753 1857 794 milia
1888 767 1970 794 un-

351 819 535 860 ciarum.
598 819 655 861 Et
688 820 727 862 si
759 820 953 862 obtineri
984 834 1072 862 non
1105 825 1271 876 posset,
1307 822 1376 863 vel
1408 827 1596 878 propter
1627 827 1820 865 mortem
1851 837 1969 879 pape

350 889 420 931 vel
452 894 641 945 propter
686 890 775 932 alia
819 891 1157 946 impedimenta,
1202 893 1321 948 quod
1355 892 1524 934 dictum
1566 897 1633 935 est
1675 895 1728 936 de
1761 895 1891 937 bonis
1926 899 1970 937 et

349 959 460 1002 locis
498 961 877 1016 Templariorum:
917 962 962 1003 in
1002 962 1134 1004 huius
1173 964 1638 1017 recompensationem
1673 965 1800 1007 dabit
1842 966 1880 1007 ei
1918 966 1965 1007 L.

348 1030 473 1072 milia
507 1031 742 1073 unciarum
777 1036 820 1073 et
853 1032 915 1073 sic
948 1033 994 1074 in
1026 1033 1237 1076 universo
1271 1039 1375 1075 sunt
1403 1032 1448 1075 C.
1477 1035 1524 1076 L.
1559 1035 1685 1076 milia
1720 1036 1966 1077 unciarum.

351 1100 399 1143 Si
432 1106 583 1143 autem
616 1116 695 1143 rex
718 1104 983 1157 Aragonum
1008 1103 1141 1145 vellet
1172 1103 1333 1158 magis,
1368 1105 1487 1159 quod
1510 1106 1686 1147 cederet
1719 1105 1758 1147 ei
1789 1106 1836 1147 in
1857 1106 1967 1159 iure,

351 1173 469 1227 quod
501 1173 637 1214 habet
667 1173 714 1214 in
746 1187 885 1228 regno
917 1173 1103 1225 Tunicii,
1134 1175 1410 1226 concederet,
1445 1178 1512 1217 set
1545 1180 1695 1217 tamen
1718 1179 1825 1218 tunc
1846 1176 1968 1219 ultra

348 1242 448 1284 loca
481 1246 523 1285 et
545 1245 663 1285 bona
689 1243 1061 1299 Templariorum,
1091 1258 1176 1299 que
1197 1245 1295 1299 regi
1316 1246 1582 1300 Aragonum
1598 1259 1772 1300 semper·
1790 1260 1968 1289 reman-

351 1327 458 1356 sura
480 1314 706 1369 intelligit,
737 1328 825 1356 non
850 1316 977 1357 daret
1008 1315 1134 1356 illam
1167 1316 1404 1371 pecuniam
1445 1316 1616 1358 scilicet
1649 1315 1695 1358 C.
1730 1318 1856 1359 milia
1887 1332 1968 1360 un-

352 1385 523 1426 ciarum
568 1386 843 1440 supradicta.
915 1386 973 1428 Et.
1013 1386 1058 1428 in
1097 1387 1181 1428 hoc
1220 1400 1328 1428 casu
1366 1401 1445 1428 rex
1483 1389 1747 1442 Aragonum
1787 1389 1971 1431 deberet

352 1456 458 1497 dare
480 1456 564 1508 ius,
593 1457 712 1511 quod
743 1457 879 1498 habet
910 1457 955 1498 in
990 1456 1213 1509 Sardinia,
1248 1458 1345 1513 regi
1376 1458 1613 1500 Frederico
1647 1462 1691 1501 et
1723 1460 1779 1501 ad
1812 1460 1969 1515 adqui-

349 1527 538 1568 rendum
572 1526 828 1569 Sardiniam
866 1528 963 1582 ipse
995 1541 1074 1569 rex
1097 1529 1322 1571 Robertus
1344 1529 1519 1571 iuvaret
1545 1543 1643 1572 cum
1670 1530 1801 1571 XXX
1827 1530 1972 1585 galeis

350 1610 430 1651 per
451 1597 503 1638 V.
538 1611 679 1639 annos
706 1611 855 1653 regem
881 1598 914 1639 F
918 1599 1167 1641 redericum
1192 1599 1260 1641 vel
1285 1600 1414 1641 daret
1447 1601 1486 1641 ei
1508 1614 1591 1656 pro
1615 1601 1817 1656 qualibet
1839 1600 1970 1656 galea

351 1666 397 1710 C.
433 1668 587 1710 uncias
627 1681 709 1723 pro
747 1668 948 1724 quolibet
980 1670 1118 1711 trium
1151 1670 1373 1712 mensium
1406 1670 1452 1712 in
1486 1671 1687 1726 quolibet
1720 1685 1849 1713 anno.
1912 1672 1970 1714 Et

351 1739 487 1780 etiam
521 1741 783 1782 concederet
823 1740 965 1781 eidem
1006 1741 1101 1796 regi
1132 1741 1372 1783 Frederico
1405 1742 1694 1784 medietatem
1728 1741 1879 1785 Sicilie
1913 1743 1970 1784 ad

350 1810 491 1851 vitam
524 1823 652 1852 suam
685 1811 857 1852 tradita
890 1810 976 1852 sibi
1010 1812 1099 1853 alia
1130 1816 1276 1867 parte,
1310 1812 1481 1854 scilicet
1504 1813 1715 1855 Messana
1747 1827 1887 1869 usque
1912 1814 1970 1855 ad

352 1884 549 1923 castrum
582 1880 804 1924 -Johannis
837 1881 1054 1923 inclusive
1088 1883 1293 1938 deposito
1326 1883 1473 1925 titulo.

493 1950 723 1994 Secundus
745 1953 919 2005 modus,
950 1954 1069 2008 quod
1093 1953 1220 1995 dabit
1251 1954 1348 2008 regi
1368 1954 1401 1995 F
1405 1954 1604 1996 rederico
1632 1968 1714 2010 pro
1739 1955 1975 1998 excambio

350 2022 656 2077 principatum
687 2024 871 2078 Achaye
902 2024 1111 2079 ponendo
1145 2023 1295 2079 ipsum
1327 2024 1371 2065 in
1404 2026 1585 2079 possea)
1620 2059 1627 2066 .
1664 2059 1672 2066 .
1709 2059 1716 2066 .
1750 2025 1797 2067 in
1830 2026 1970 2068 conti-

350 2093 486 2134 nenti.
551 2093 607 2134 Et
647 2092 783 2135 etiam
816 2094 952 2136 faciet
970 2094 1023 2135 .ei
1056 2095 1239 2136 concedi
1272 2108 1297 2136 a
1329 2095 1531 2150 principe
1564 2095 1647 2146 ius,
1683 2097 1802 2151 quod
1834 2097 1971 2138 habet

350 2163 396 2204 in
419 2177 558 2218 regno
585 2164 793 2217 Albanie,
829 2168 871 2206 et
904 2165 1101 2207 dimittet
1135 2165 1174 2207 ei
1195 2165 1241 2206 in
1264 2166 1361 2207 vita
1383 2179 1466 2208 sua
1492 2167 1781 2208 medietatem
1805 2166 1969 2221 Sicilie,

352 2234 468 2276 sicut
500 2235 810 2289 supradictum
844 2239 923 2278 est.

491 2306 548 2346 Et
579 2306 659 2347 hec
691 2307 843 2348 omnia
876 2310 943 2349 est
975 2309 1165 2362 paratus
1187 2306 1384 2360 firmare,
1413 2307 1529 2349 sicut
1562 2308 1722 2350 melius
1750 2311 1793 2350 et
1815 2308 1970 2351 sanius

350 2375 543 2430 intelligi
575 2379 737 2431 potest.

493 2457 580 2492 CRD
620 2460 684 2501 Ap.
721 2458 777 2494 49.
829 2458 886 2493 Or.
924 2459 1006 2502 Pap.
1045 2459 1119 2503 Ssp.
1178 2459 1331 2493 Gesandt
1367 2470 1411 2493 an
1448 2460 1572 2503 Jayme
1610 2461 1656 2494 ll.
1707 2460 1890 2495 Schreiber
1926 2461 1971 2495 ist

351 2516 500 2550 Peneius
527 2516 718 2551 Carbonell.
768 2517 901 2551 Einmal
940 2518 1037 2552 finde
1073 2518 1131 2552 ich
1170 2519 1245 2552 eine
1280 2519 1492 2563 Andeutung
1528 2519 1666 2553 hierauf
1705 2520 1752 2553 im
1789 2519 1873 2564 Reg.
1900 2520 1967 2554 337

351 2575 377 2608 f.
404 2574 488 2609 273:
515 2575 586 2609 Der
611 2576 717 2620 Papst
741 2576 865 2620 sprach
892 2576 1047 2611 zweimal
1072 2577 1169 2611 Ende
1198 2577 1264 2611 Mai
1291 2578 1397 2611 1317:
1429 2577 1528 2611 sobre
1554 2577 1587 2611 la
1611 2589 1753 2612 manera
1778 2579 1820 2612 de
1846 2579 1880 2612 la
1902 2589 1974 2622 pau

351 2634 494 2667 saedora
519 2633 648 2668 entrels
673 2646 753 2678 reys
778 2635 818 2669 R.
846 2638 881 2669 et
905 2636 942 2669 F.
976 2638 1011 2670 et
1042 2646 1107 2680 que
1134 2635 1179 2669 ell
1209 2646 1272 2670 nos
1303 2646 1434 2680 respos,
1467 2647 1532 2680 que
1559 2637 1631 2670 fort
1663 2647 1741 2671 cosa
1773 2637 1862 2671 seria
1895 2647 1914 2671 a
1937 2636 1971 2671 la

352 2692 490 2736 esgleya
515 2693 556 2726 de
582 2692 692 2727 Roma
724 2694 765 2728 de
792 2694 899 2728 donar
924 2694 974 2729 los
998 2694 1084 2729 bens
1110 2694 1166 2728 del
1190 2694 1340 2738 Temple,
1372 2705 1438 2738 que
1475 2705 1537 2729 son
1569 2706 1613 2729 en
1643 2698 1761 2730 nostra
1792 2697 1885 2730 terra
1908 2706 1974 2740 per

352 2751 485 2795 aquella
509 2751 603 2785 raho.

351 2883 451 2923 450.
484 2882 726 2924 Memorial
761 2883 809 2925 P.
842 2884 1125 2926 Ferdinandi
1157 2883 1213 2926 de
1243 2885 1359 2926 Ixar
1397 2883 1482 2926 ffu-
1513 2883 1670 2937 Kiinig
1701 2884 1970 2925 Friedrich:

354 2952 566 2994 erinnert
606 2965 664 2994 an
704 2952 898 2995 friihere
929 2954 1343 3008 Verhandlungen‚
1388 2955 1573 2997 wonach
1604 2953 1762 3007 Kiinig
1791 2954 1975 2997 Robert

495 3035 523 3077 a)
548 3033 614 3067 Ein
639 3033 742 3067 NVort
765 3033 864 3068 fehlt.
