2296 3512
1154 267 1468 306 —772-

502 391 701 436 prehabitis,
728 391 823 436 quasi
849 391 1023 425 nullorum
1048 392 1115 425 fuit
1141 402 1184 425 ex
1208 392 1338 426 eisdem
1356 391 1548 434 consilium,
1575 393 1665 437 quod
1682 393 1774 427 ultra
1792 404 1832 427 ea
1850 394 2119 428 concederemus

502 451 580 493 tibi,
619 461 686 495 que
723 450 806 485 alias
831 453 890 484 tue
915 450 1112 485 celsitudini
1138 461 1301 485 concessa
1329 451 1468 485 fuerant
1494 451 1528 484 in
1553 452 1690 495 negotio
1716 455 1919 488 memorato.
1969 452 2119 486 Verum—

502 512 618 542 tamen
641 509 865 543 necessitates
890 509 1116 553 multiplices.
1154 520 1239 554 quas
1273 510 1333 543 tibi
1360 521 1421 553 pro
1448 511 1538 545 dicto
1564 511 1699 556 negotio
1726 512 1900 546 credimus
1926 511 2118 553 imminere,

501 573 647 611 paterna
677 568 949 602 consideratione
980 571 1166 612 pensantes
1199 568 1466 603 deliberavimus
1492 573 1526 603 et
1551 570 1682 604 nuntiis
1708 570 1895 604 obtulimus
1920 570 2119 604 memoratis

500 625 650 670 prelatos
680 627 777 671 regni
808 630 843 660 et
873 631 1045 661 terrarum
1070 630 1209 661 tuarum
1235 638 1297 671 per
1322 627 1453 662 litteras
1480 628 1686 672 apostolicas
1712 640 1774 673 per
1798 631 1936 663 nostros
1965 629 2014 662 eis
2040 639 2118 672 spe·

499 684 604 718 ciales
634 685 772 719 nuntios
798 686 1003 720 deferendas
1028 696 1149 730 rogare
1175 697 1255 720 cum
1280 686 1444 720 instantia
1469 689 1504 720 et
1530 687 1709 721 eficaciter
1734 688 1927 728 exhortari,
1961 687 2051 731 quod
2077 687 2118 721 de

504 742 599 778 bonis
630 755 748 778 eomm
780 755 820 778 ac
852 756 993 779 suarum
1019 751 1053 778 et
1077 744 1222 779 aliarum
1249 745 1298 779 eis
1324 744 1559 779 subiectarum
1587 745 1811 780 ecclesiarum
1838 757 1973 780 necnon
1998 750 2032 780 et
2056 746 2118 780 ho-

498 802 634 837 minum
659 802 894 838 subiectorum
925 804 1055 837 eisdem
1080 803 1148 837 tale
1174 803 1235 838 tibi
1261 803 1451 838 subsidium
1478 804 1701 845 exhiberent,
1735 806 1826 849 quod
1850 816 1969 849 posses
1994 805 2118 839 merito

498 862 692 895 contentari
718 873 757 897 ac
791 862 851 896 tibi
890 863 1014 897 exinde
1053 870 1089 896 et
1125 863 1227 897 statui
1261 867 1320 896 tuo
1347 862 1539 906 periculum
1568 874 1638 897 non
1662 869 1779 907 posset
1804 864 1940 908 aliquod
1966 864 2118 906 evenire,

501 922 690 963 sperantes,
717 922 818 965 quod,
839 932 919 956 cum
944 932 964 955 a
991 921 1090 955 nobis
1114 932 1236 965 preces
1262 921 1374 965 alique
1399 921 1442 954 ad
1467 921 1616 965 prelatos
1641 933 1711 956 non
1729 925 1948 957 emanassent
1967 923 2117 965 eosdem,

496 978 564 1022 ipsi
602 979 797 1014 huiusmodi
834 991 978 1024 precum
1015 987 1212 1015 nostrarum
1238 981 1407 1025 primitias
1432 980 1480 1015 sic
1506 980 1656 1015 libenter
1681 987 1716 1015 et
1740 982 1863 1016 devote
1889 982 2116 1026 susciperent,

496 1038 589 1082 quod
620 1038 682 1072 tibi
714 1050 758 1073 ex
790 1039 839 1074 eis
870 1039 1020 1073 maxime
1045 1040 1182 1074 fructus
1208 1040 1444 1077 commodum,
1477 1050 1579 1084 quam
1605 1039 1633 1073 si
1658 1040 1893 1083 predictarum
1917 1039 2117 1084 supplicati-

494 1107 604 1131 onum
629 1098 713 1132 duas
739 1099 1041 1133 concessissemus.
1068 1097 1308 1142 perveniretfi')

639 1158 671 1199 c)
697 1157 808 1201 Super
839 1158 946 1201 petita
971 1157 1143 1201 duplicata
1168 1157 1303 1191 decima
1328 1157 1406 1199 tibi,
1446 1160 1548 1201 prout
1573 1158 1621 1191 eis
1647 1157 1812 1200 fecimus,
1855 1158 2115 1202 respondentes,

495 1215 588 1259 quod
613 1226 801 1260 numquam
827 1216 975 1250 habetur
999 1216 1182 1257 memoria,¹
1217 1217 1307 1260 quod
1333 1227 1396 1260 per
1420 1216 1612 1250 subsidium
1637 1216 1741 1250 Terre
1767 1218 1884 1251 sancte
1910 1227 1971 1260 pro
1997 1227 2116 1260 perse-

497 1274 634 1308 cutione
660 1275 905 1319 tymmpnidis,
932 1286 1035 1320 quam
1060 1275 1141 1309 olim
1167 1275 1390 1318 Fredericus,
1417 1276 1500 1309 dum
1525 1275 1670 1318 viveret,
1698 1279 1817 1309 contra
1842 1275 2033 1309 Romanam
2058 1286 2115 1310 ec-

496 1331 634 1367 clesiam
662 1334 855 1369 exercebat,
883 1345 945 1368 seu
970 1345 1031 1378 pro
1058 1334 1296 1378 redemptione
1322 1334 1413 1368 beati
1432 1334 1606 1376 Ludovioi,
1633 1335 1716 1368 dum
1741 1345 1760 1368 a
1783 1334 1943 1379 gentibus
1967 1335 2115 1369 nationis

496 1402 659 1435 perverse
691 1392 912 1427 detinebatur
944 1393 1158 1433 carceribus,
1192 1393 1347 1427 eiusdem
1372 1394 1475 1427 Terre
1501 1397 1619 1427 sancte
1645 1396 1704 1427 aut
1730 1394 1851 1437 quovis
1877 1392 1942 1427 alio
1967 1394 2114 1438 negotio,

496 1455 816 1496 quantumqumque
843 1452 1028 1486 ecclesiam
1053 1452 1246 1496 predictam
1271 1454 1422 1496 urgeret,
1449 1451 1526 1486 talis
1552 1462 1704 1496 unquam
1723 1463 1886 1487 concessa
1904 1452 2036 1486 decima
2053 1463 2113 1486 ex-

495 1510 632 1544 titisset.
675 1511 838 1545 Diximus
864 1514 981 1545 tamen
1007 1510 1066 1547 eis.
1094 1511 1195 1555 quod,
1223 1522 1303 1545 cum
1328 1511 1410 1545 finis
1437 1511 1668 1546 concessionis
1694 1511 1849 1545 eiusdem
1873 1512 2007 1545 decime
2032 1522 2114 1546 con-

495 1569 637 1613 tingerit
660 1569 852 1612 imminere,
891 1570 933 1604 de
959 1570 1034 1614 ipsa
1058 1570 1193 1605 decima
1216 1581 1278 1614 pro
1304 1573 1471 1614 tempore,
1499 1581 1564 1614 quo
1590 1570 1688 1604 nobis
1714 1570 1891 1604 videretur
1915 1571 2113 1614 expediens,

492 1627 556 1662 tibi
581 1628 758 1672 inceptum
783 1629 960 1673 negotium
985 1631 1208 1673 prosequenti
1234 1629 1498 1663 intendebamus
1523 1629 1686 1663 libentius
1711 1629 1857 1673 gratiam
1883 1628 2029 1673 elargiri.

635 1688 670 1729 d)
700 1687 811 1732 Super
841 1699 880 1722 eo
906 1699 1006 1729 vero,
1040 1689 1130 1732 quod
1156 1689 1258 1722 etiam
1284 1689 1538 1732 supplicarunt,
1571 1688 1662 1732 quod
1687 1687 1836 1732 aliquem
1861 1688 2046 1722 oriundum
2071 1689 2112 1722 de

492 1748 587 1780 terra
617 1749 676 1780 tua
707 1747 781 1781 loco
813 1746 894 1781 olim
919 1748 1014 1781 Petri
1046 1748 1284 1792 penitenciarii
1317 1748 1426 1781 nostri
1463 1747 1499 1781 in
1537 1747 1820 1791 penitentiarium
1845 1747 2013 1782 admitere
2039 1748 2111 1792 dig-

490 1816 666 1847 naremur,
693 1806 936 1850 respondimus
962 1807 1022 1849 eis,
1050 1807 1151 1851 quod
1178 1817 1257 1841 cum
1283 1807 1394 1840 trater
1418 1806 1621 1841 Dominicus
1646 1806 1775 1840 ordinis
1801 1808 1919 1840 sancte
1937 1807 2044 1841 Marie
2070 1808 2111 1841 de

490 1864 611 1898 Monte
638 1865 787 1900 Carmeli
825 1866 866 1899 de
904 1873 963 1899 tuo
996 1866 1146 1899 dominio
1173 1866 1338 1900 oriundus
1364 1866 1432 1899 iam
1457 1866 1584 1900 fuisset
1608 1866 1644 1899 in
1668 1865 1742 1900 loco
1767 1865 1965 1899 huiusmodi
1990 1866 2111 1900 subro-

491 1926 602 1967 gatus,
617 1934 686 1958 non
705 1929 902 1968 poteramus
922 1935 1027 1969 super
1047 1925 1112 1959 hoc
1134 1925 1337 1959 satisfacere
1358 1925 1447 1959 votis
1471 1924 1581 1967 tuisfi)
1609 1954 1615 1961 .
1633 1952 1639 1958 .
1656 1953 1663 1960 .
1689 1925 1755 1959 Sed
1780 1925 1894 1958 nuntii
1919 1926 2110 1968 memorati,

489 1983 620 2016 nedum
658 1983 747 2027 quod
785 1984 1045 2028 responssiones
1084 1989 1118 2018 et
1156 1985 1397 2019 concessiones
1434 1987 1569 2018 nostras
1600 1984 1796 2018 huiusmodi
1824 1995 1904 2018 cum
1929 1984 2110 2019 devotione

488 2042 725 2086 susciperent,
765 2054 887 2077 verum
925 2043 1029 2077 etiam
1061 2043 1144 2078 satis
1170 2043 1404 2077 irreverenter
1429 2046 1464 2077 et
1489 2043 1525 2077 in
1549 2043 1655 2077 verba
1679 2043 1799 2088 gravia
1822 2044 2006 2077 temerarie
2031 2054 2110 2087 pro-

488 2107 692 2145 rumpentes
718 2113 737 2136 a
761 2107 880 2136 nostra
916 2102 1091 2146 presentia
1122 2106 1358 2145 recessemnt,
1397 2113 1503 2146 super
1528 2113 1594 2146 quo
1619 2103 1707 2136 scire
1733 2107 1767 2136 te
1793 2101 1969 2145 volumus,
2008 2102 2109 2146 quod⁷

491 2159 558 2193 nisi
595 2161 637 2194 ad
674 2161 840 2195 honorem
867 2168 965 2195 tuum
992 2161 1172 2196 habuisset
1198 2161 1426 2196 consideratio
1453 2165 1569 2196 nostra
1594 2164 1803 2205 respectum,
1828 2160 1944 2195 taliter
1969 2171 2110 2196 correx-

488 2217 656 2262 issemus,
690 2221 780 2264 quod
805 2221 930 2255 fuisset
955 2221 1079 2255 ceteris
1104 2221 1141 2254 in
1167 2220 1366 2264 exemplum
1393 2248 1400 2254 .
1429 2249 1435 2254 .
1464 2248 1470 2255 .
1521 2221 1598 2254 Dat.
1623 2221 1659 2254 in
1684 2221 1838 2264 prioratu
1863 2221 1905 2254 de
1931 2220 2108 2255 Grausello

488 2288 596 2321 prope
621 2278 854 2314 Malausanam
885 2280 1108 2314 Vasionensis
1135 2279 1281 2314 diocesis
1307 2280 1353 2315 Π.
1379 2290 1487 2314 nonas
1516 2279 1726 2314 Nouembris
1751 2279 1975 2323 pontificatus
2000 2279 2109 2314 nostii

486 2347 580 2371 auno
607 2341 738 2381 quarto.

630 2396 726 2430 Uber
752 2397 820 2430 den
844 2397 1039 2431 Historiker
1063 2398 1101 2431 P.
1128 2397 1273 2431 Marsilii
1300 2397 1366 2442 vgl.
1394 2398 1602 2443 Einleitung.

486 2493 589 2533 483.
622 2491 1043 2535 Kardinalbischof
1069 2494 1310 2547 Berengar
1340 2506 1429 2536 von
1459 2494 1710 2536 Tusculum
1743 2507 1801 2536 an
1831 2493 1992 2547 Jayme
2016 2495 2105 2536 IL:

484 2557 724 2599 beriehtet
765 2559 882 2599 iiber
926 2557 1006 2600 das
1038 2557 1290 2600 Austreten
1333 2558 1412 2601 (les
1443 2559 1615 2601 Petrus
1646 2559 1847 2601 Mai-Silii
1889 2558 1982 2600 und
2026 2559 2106 2601 des

488 2622 743 2664 Fortunius
789 2623 980 2664 Martini
1024 2624 1162 2666 sowie
1207 2625 1323 2665 iiber
1367 2623 1441 2665 die
1479 2623 1754 2677 Aufregung
1786 2624 1865 2666 des
1896 2623 2104 2677 Papstes,

488 2686 572 2728 der
615 2688 726 2729 aber
767 2687 899 2729 nicht
942 2687 1125 2741 glaubt,
1171 2688 1274 2730 dass
1313 2688 1397 2730 der
1427 2687 1584 2741 Kiinig
1614 2689 1719 2730 ihre
1750 2688 2105 2741 Redewendung

695 2751 885 2805 gewollt
915 2752 1047 2794 habe.
1110 2753 1373 2795 Malaucene
1404 2752 1559 2808 (1309)
1592 2752 1790 2795 October
1815 2753 1885 2795 23.

629 2833 794 2876 Omnes
833 2833 1073 2888 petitiones
1112 2835 1326 2890 quinque,
1369 2848 1481 2890 quas
1521 2835 1740 2877 discretus
1779 2835 1849 2876 vir
1883 2835 2103 2890 magister

482 2903 535 2945 R.
570 2902 784 2948 Gastonis
837 2905 1078 2948 canonicus
1119 2905 1385 2949 Valentinus
1435 2905 1623 2948 clericus
1667 2908 1817 2948 vester
1856 2906 1911 2947 ad
1951 2907 2102 2948 sedem

627 2997 653 3038 ⁵)
681 2998 778 3041 Folgt
804 2998 1021 3042 Gew'ahmng
1046 2999 1109 3032 der
1133 2999 1379 3043 Indulgenzen.

628 3054 654 3099 6)
679 3056 726 3089 Er
752 3056 863 3090 erhalt
888 3057 942 3090 die
961 3057 1101 3091 Strafen
1127 3058 1188 3091 der
1214 3057 1583 3092 Alexandrientahrer.
