2296 3512
963 242 1282 283 —893—

313 374 491 425 dicitur,
530 373 819 428 postmodum
851 369 1188 422 transmisistis,
1221 369 1361 411 veluti
1394 367 1672 410 contrarium
1705 366 1935 409 continen-

312 449 394 497 tes,
434 443 663 500 prefatum
702 442 974 497 magistrum
1007 441 1261 482 Arnaldum
1294 438 1664 481 manifestissime
1697 437 1825 480 salva
1857 450 1935 492 pa-

313 514 407 571 pali
438 513 698 556 reverencia
732 511 1047 567 conspeximus
1081 510 1390 552 mencientem.
1455 511 1557 565 Ipse
1581 509 1698 550 enim
1718 507 1937 562 magister

311 585 543 628 Arnaldus
587 587 695 625 tunc
741 596 896 625 coram
940 581 1071 623 nobis
1115 581 1161 622 in
1195 580 1316 622 dicta
1349 580 1583 623 obsidione
1615 579 1780 621 iterum
1815 577 1937 620 affir-

311 655 455 697 mavit
487 668 533 697 se
566 653 738 696 nullam
772 652 908 694 aliam
942 665 1096 694 coram
1129 651 1372 694 clemencia
1395 655 1548 693 vestra
1575 648 1935 705 proposicionem

313 725 488 778 fecisse,
546 738 631 780 que
688 737 769 765 nos
825 722 896 764 vel
954 722 1125 764 dictum
1177 735 1329 776 regem
1382 720 1572 763 fratrem
1628 723 1835 763 nostrum
1891 719 1937 760 in

314 796 466 852 aliquo
524 798 732 850 tangeret
780 794 849 835 vel
901 795 1128 848 gravaret.
1212 792 1282 834 Ad
1325 806 1517 847 quorum
1563 791 1947 834 certificacionem‘

313 866 490 922 plenius
536 866 791 908 habendam
838 864 968 906 nobis
1016 864 1242 905 instanter
1286 866 1329 904 et
1370 862 1595 905 instanter
1637 875 1689 903 ac
1720 860 1938 916 multipli-

315 940 419 979 cata
458 936 684 979 instancia
725 934 1014 991 supplicavit,
1059 937 1110 976 ut
1146 933 1249 976 inde
1287 933 1522 976 sanctitati
1560 935 1709 974 vestre
1742 931 1939 974 scribere

315 1008 593 1050 deberemus.
680 1007 772 1049 Nos
821 1008 973 1048 autem
1020 1019 1103 1061 pro
1153 1003 1482 1046 certificacione
1523 1003 1731 1044 habenda
1768 1001 1940 1057 scripta

314 1081 473 1121 nostra
520 1078 767 1120 direximus
823 1076 1070 1132 apostolice
1123 1075 1348 1130 dignitati.
1434 1074 1535 1116 Hiis
1582 1073 1736 1128 itaque
1782 1073 1938 1114 diebus

316 1163 343 1192 a
374 1149 579 1191 bonitate
618 1153 772 1191 vestra
809 1148 1010 1190 litteram
1051 1146 1304 1202 recepimus
1346 1144 1724 1200 1·ese1·iptivan11)‚
1767 1143 1812 1185 in
1852 1155 1941 1198 qua

315 1220 487 1277 placuit
520 1221 576 1262 ad
609 1234 690 1262 nos
723 1220 904 1261 mittere
936 1217 1183 1260 interclusa
1209 1216 1447 1272 proposita
1472 1219 1515 1257 et
1536 1215 1666 1257 vobis
1687 1214 1735 1256 in
1758 1214 1940 1269 scriptis

316 1291 473 1334 oblata
504 1305 585 1347 per
618 1291 786 1332 dictum
819 1289 1092 1344 magistrum
1125 1287 1394 1337 Arnaldum,
1439 1300 1524 1341 que
1556 1289 1664 1327 tunc
1695 1285 1940 1326 reverendo

314 1362 360 1404 in
394 1361 574 1404 Christo
607 1362 730 1417 patri
763 1360 943 1403 domino
975 1358 1251 1414 Berengario
1284 1356 1537 1400 Tusculano
1573 1356 1799 1412 episcopo,
1833 1358 1941 1397 tunc

316 1433 442 1476 tituli
489 1435 751 1475 sanctorum
792 1432 940 1486 Nerey
982 1433 1025 1472 et
1056 1429 1262 1484 Achilley
1301 1428 1554 1484 presbitero
1588 1425 1822 1478 cardinali,
1861 1439 1943 1481 per

318 1505 507 1546 eundem
554 1503 827 1559 magistrum
860 1501 1115 1544 Arnaldum
1163 1500 1284 1542 tradi
1330 1499 1606 1551 mandastis,
1653 1501 1704 1539 ut
1749 1497 1794 1538 in
1843 1510 1942 1552 pre-

319 1576 440 1617 dicta
483 1574 754 1630 rescriptiva
792 1575 946 1616 vestra
977 1572 1132 1614 littera
1165 1571 1432 1613 continetur.
1496 1569 1590 1612 Nos
1622 1568 1763 1624 igitur
1793 1568 1943 1622 legen-

318 1649 386 1689 tes
428 1648 471 1687 et
514 1645 841 1700 conspicientes
874 1643 1047 1699 scripta
1077 1643 1159 1685 hec
1191 1643 1236 1684 in
1270 1642 1333 1684 eis
1366 1641 1506 1683 verba
1531 1640 1727 1682 vidimus
1760 1652 1943 1694 expres-

318 1720 433 1769 sata,
483 1730 567 1771 que
616 1716 761 1758 dictus
805 1714 1027 1769 magister
1058 1713 1291 1756 Arnaldus
1334 1726 1380 1755 se
1425 1711 1651 1753 audivisse
1685 1709 1885 1751 affirmat
1918 1722 1944 1750 a

317 1787 448 1830 nobis
494 1790 536 1829 et
582 1787 701 1829 dicto
746 1800 852 1842 rege
896 1785 1133 1828 Frederico
1181 1784 1325 1826 fratre
1371 1785 1550 1834 nostro,
1603 1795 1707 1837 que,
1753 1780 1792 1822 si
1835 1792 1944 1822 vera

320 1858 580 1910 existerent,
614 1859 778 1899 nedum
811 1859 1018 1900 nostrum
1051 1859 1121 1898 set
1153 1854 1393 1897 cuiuslibet
1425 1851 1675 1895 Christiani
1705 1864 1866 1893 nomen
1901 1853 1944 1891 et

320 1929 514 1985 gloriam
557 1928 860 1984 denigrarent.
932 1927 1020 1970 Ubi
1061 1926 1227 1968 dicitur
1268 1925 1437 1967 dictum
1470 1937 1623 1979 regem
1655 1922 1943 1964 Fredericum

319 2000 438 2041 inter
480 1999 657 2055 aliquas
690 2012 853 2042 causas
887 1998 1007 2040 dicto
1039 1996 1262 2052 magistro
1296 1996 1361 2038 sic
1394 1994 1660 2050 expresisse,
1710 1993 1830 2048 quod
1862 1992 1944 2033 im-

319 2070 519 2126 pellebat
549 2070 698 2124 ipsum
732 2083 885 2125 regem
919 2069 976 2111 ad
1008 2068 1133 2124 ipsas
1167 2080 1328 2110 causas
1362 2065 1562 2117 dubium,
1597 2065 1717 2119 quod
1739 2076 1944 2105 occurre-

322 2142 400 2183 bat
432 2141 519 2184 sibi
552 2142 604 2183 de
638 2140 844 2183 doctrina
877 2139 1150 2195 evangelica,
1185 2141 1337 2180 utrum
1372 2140 1489 2179 esset
1514 2136 1714 2178 humana
1740 2133 1944 2176 invencio

321 2212 393 2254 vel
425 2212 577 2254 divina
609 2211 815 2264 tradicio,
850 2214 893 2253 et
926 2211 980 2253 de
1014 2211 1169 2252 eodem
1203 2223 1310 2263 rege
1332 2207 1569 2250 Frederico
1603 2207 1686 2249 sub
1721 2204 1945 2247 similibus

322 2283 471 2325 verbis
515 2282 624 2324 alibi
662 2283 793 2338 quasi
838 2281 1071 2324 consimile
1112 2281 1279 2336 legitur
1317 2279 1363 2321 in
1400 2278 1488 2321 hiis
1521 2277 1717 2333 scriptis.
1782 2275 1945 2318 Subse-

322 2353 478 2409 quitur
511 2353 647 2395 etiam
678 2353 724 2395 in
757 2353 924 2395 eisdem
958 2353 1127 2394 dictum
1159 2351 1432 2406 magistrum
1454 2348 1801 2404 respondentem
1825 2346 1945 2388 dicto

323 2424 420 2480 regi
466 2423 703 2466 Frederico
755 2424 874 2465 inter
922 2423 1012 2464 alia
1059 2422 1123 2465 sic
1170 2421 1397 2473 dixisse,2)
1442 2421 1560 2475 quod
1596 2420 1809 2460 vaccante
1842 2417 1945 2460 sede

321 2498 430 2551 post
460 2494 751 2536 Benedictum
791 2497 979 2536 vocatus
1010 2507 1092 2549 per
1123 2506 1205 2535 nos
1240 2491 1382 2534 adivit
1412 2490 1694 2546 presenciam
1726 2491 1945 2540 nostram,

324 2569 370 2608 et
414 2566 534 2621 quod
578 2565 865 2607 narravimus
908 2565 950 2606 ei
981 2565 1228 2619 cogitatum
1265 2565 1308 2605 et
1351 2561 1662 2604 dubit-aciones
1702 2563 1823 2601 recte
1867 2571 1947 2612 per

322 2636 478 2678 omnia
510 2635 679 2679 similes
712 2635 933 2690 cogitatui
966 2638 1009 2676 et
1042 2633 1408 2677 dubitacionibus
1440 2632 1551 2674 dicti
1577 2631 1697 2686 regis
1721 2629 1947 2672 Frederici

326 2708 537 2763 quodque
568 2706 752 2760 insuper
785 2705 1055 2757 addidimuS,
1090 2706 1210 2760 quod
1242 2718 1347 2759 sepe
1371 2703 1628 2745 videramus
1660 2702 1706 2743 in
1739 2700 1946 2755 sompnio

324 2781 503 2834 patrem
547 2779 753 2820 nostrum
791 2776 836 2818 in
874 2776 1033 2818 habitu
1064 2775 1268 2817 mirabili
1299 2775 1553 2816 tradentem
1587 2772 1716 2815 nobis
1751 2774 1947 2827 quatuor

328 2849 427 2891 auri
467 2848 632 2904 pecias,
667 2851 709 2889 et
743 2846 833 2888 alia
876 2846 1009 2902 plura
1059 2847 1195 2887 verba
1226 2845 1517 2901 prosequitur
1550 2857 1687 2898 super
1720 2856 1785 2894 eo,
1819 2846 1868 2883 ut
1900 2841 1946 2882 in

470 2965 494 3008 ¹)
521 2964 596 3009 Vgl.
624 2964 814 2998 Menendez
841 2963 980 3006 Pelayo,
1006 2963 1071 2997 Los
1098 2962 1326 2996 heterodoxos
1351 2960 1539 3004 Espafioles
1565 2960 1592 3002 I,
1621 2960 1688 2994 776
1715 2959 1776 2994 Nr.
1809 2959 1862 2992 13.

469 3024 494 3067 2)
521 3022 598 3068 Vgl.
624 3023 816 3057 Menendez
842 3022 870 3065 I,
898 3021 975 3057 725.
