2296 3512
911 241 1230 281 —855—

266 388 421 421 sumus
459 386 594 427 super
630 372 715 414 hoc
747 369 987 413 concilium
1019 379 1267 410 convocare
1301 368 1343 407 et
1376 364 1588 407 adhibere
1620 359 1882 411 remedium,

265 461 346 503 per
391 445 510 501 quod
552 441 735 485 iusticia
771 441 817 482 in
857 439 969 494 ipsis
1013 451 1103 480 non
1143 439 1300 491 pereat
1337 449 1418 477 nec
1449 448 1530 489 per
1561 445 1637 475 eos
1669 429 1884 474 scandala

267 516 554 561 suscitentur.
617 511 883 555 Altissimus
915 521 1157 564 personam
1192 509 1389 549 vestram
1420 504 1593 560 regiam
1617 513 1884 545 conservare

269 588 478 643 dignetur
517 583 786 626 incolumem
829 580 958 622 annis
996 578 1156 635 plenis.
1218 577 1323 619 Dat.
1346 576 1392 618 in
1423 574 1630 617 Vallibus
1662 572 1760 614 VH.
1783 571 1885 613 idus

268 655 544 713 Septembris
583 666 700 696 anno
734 651 905 694 domini
935 649 1178 692 millesimo
1211 645 1353 691 CCGO.
1387 649 1547 688 octavo
1580 644 1766 686 decimo.

408 725 497 761 CRD
525 724 627 759 5975.
672 723 730 757 Or.
756 722 840 766 Pap.
866 721 942 765 Ssp.
986 720 1059 755 Der
1083 718 1182 753 Brief
1208 717 1269 751 des
1294 716 1425 760 Konigs
1450 726 1530 749 vom
1555 714 1611 749 28.
1635 715 1771 757 August
1798 712 1888 746 1318

268 785 338 819 und
365 784 427 817 der
443 781 559 817 Erlass
585 781 646 815 des
664 779 888 815 Embischofs
913 789 957 813 an
975 777 1030 811 die
1047 777 1256 819 Suffragane
1277 785 1357 809 vom
1383 776 1413 808 7.
1431 773 1646 818 September.
1688 771 1765 816 Vgl.
1785 770 1887 806 5977.
1938 790 1946 795 -

272 916 369 957 536.
397 914 567 957 Frater
592 912 758 954 Petrus
780 908 1065 953 Ferdinandi
1097 907 1153 950 (10
1174 908 1290 949 Ixar
1311 918 1369 947 an
1390 906 1552 960 Jayme
1572 904 1659 946 11.:
1687 901 1889 954 Grunde,

269 998 445 1028 warum
488 983 607 1026 viele
650 982 808 1024 kleine
839 980 1082 1023 Bisti'uner
1123 979 1284 1020 besser
1326 975 1408 1017 fiir
1444 975 1533 1017 den
1569 973 1727 1027 Konig
1762 974 1890 1016 001011

271 1057 340 1099 010
381 1056 559 1107 wenige
600 1063 782 1107 grosse3
824 1050 996 1105 gerade
1036 1049 1112 1091 die
1154 1058 1348 1101 grossen
1387 1046 1610 1088 Priilaten
1648 1042 1891 1098 empfirten

271 1127 372 1170 sich
404 1126 568 1175 leicht3
603 1124 794 1177 Belege3
828 1122 971 1165 schon
997 1122 1124 1163 scien
1150 1119 1226 1161 (110
1257 1116 1646 1171 aragonesischen
1671 1113 1893 1158 Bischiife

274 1196 625 1252 „kriegerische
672 1194 893 1236 deutsche
938 1191 1163 1234 Pralaten
1212 1188 1505 1243 gew01·den“.
1572 1185 1770 1239 Kiinige,
1818 1184 1893 1226 die

273 1268 466 1322 gerecht
509 1266 603 1309 und
646 1265 736 1307 mit
772 1263 941 1316 Erfolg
984 1263 1201 1316 regieren
1243 1259 1448 1313 wollten,
1491 1258 1700 1300 1111ὶο01011
1742 1255 1895 1298 weder

273 1339 508 1392 machtige
538 1339 722 1381 Barone
753 1335 873 1378 noch
895 1332 1116 1377 Bischiife
1137 1333 1302 1374 haben.
1363 1331 1469 1383 Rat,
1500 1329 1635 1371 mehr
1655 1328 1896 1371 Bistumer

587 1420 642 1449 zu
674 1406 900 1461 griinden.
965 1405 1176 1457 Avignon
1209 1401 1319 1444 1321
1352 1402 1466 1445 Juni
1500 1400 1569 1443 12.

418 1501 554 1545 Sacre
591 1501 714 1557 regie
752 1498 998 1556 magestati
1029 1499 1308 1553 Aragonum,
1349 1496 1421 1538 cui
1453 1495 1512 1538 sit
1543 1494 1688 1536 honor
1718 1493 1765 1534 in
1797 1504 1898 1548 pre-

276 1573 394 1617 senti
438 1575 482 1615 et
525 1572 673 1629 gloria
715 1571 762 1613 in
806 1570 975 1623 futuro,
1021 1571 1185 1621 vester,
1231 1568 1269 1610 si
1309 1566 1417 1622 quid
1449 1568 1530 1618 est,
1563 1564 1708 1607 frater
1736 1564 1898 1605 Petrus

274 1643 550 1687 Ferdinandi
606 1644 659 1686 de
711 1643 819 1684 Ixar
864 1676 872 1683 .
920 1675 928 1683 .
977 1675 984 1682 .
1054 1639 1318 1682 Recedendo
1372 1638 1425 1680 de
1470 1636 1704 1692 Aragonia
1756 1647 1899 1689 usque

278 1715 450 1758 curiam
481 1716 735 1757 Romanam
768 1713 853 1755 feci
885 1712 1130 1755 transitum
1162 1725 1243 1766 per
1275 1710 1505 1751 civitatem
1538 1706 1790 1757 Barbastri,
1822 1703 1901 1746 ubi

278 1786 397 1829 cives
431 1788 474 1828 et
504 1785 638 1841 probi
668 1785 874 1826 11011111100
907 1784 1215 1838 exposuerunt
1245 1780 1383 1823 michi
1406 1781 1576 1823 statum
1600 1776 1784 1820 ecclesie
1807 1789 1899 1827 sue,

279 1857 504 1912 quomodo
551 1855 701 1898 fuerat
747 1854 991 1897 crudeliter
1040 1856 1083 1895 et
1134 1852 1332 1894 indebite
1385 1864 1412 1892 a
1465 1848 1622 1892 vicinis
1675 1846 1900 1904 episcopis

279 1927 466 1970 viduata
498 1929 542 1969 et
573 1926 822 1969 honoribus
854 1925 1063 1969 omnibus
1097 1923 1328 1979 expoliata
1350 1955 1359 1963 .
1385 1955 1394 1963 .
1419 1956 1428 1963 .
1491 1921 1690 1963 Tandem
1718 1918 1901 1960 veniens

281 1999 339 2040 ad
380 1998 552 2040 curiam
591 1997 756 2050 inveni,
801 1997 922 2053 quod
963 1995 1173 2038 dominus
1213 2006 1334 2049 papa
1365 1993 1411 2034 in
1443 1991 1565 2034 10010
1597 1990 1800 2047 predicto
1835 1991 1903 2031 est

281 2070 395 2112 bone
436 2069 717 2121 intencionis,
764 2067 1022 2120 dummodo,
1069 2066 1189 2121 quod
1237 2064 1370 2115 absit,
1418 2076 1500 2119 per
1543 2061 1902 2104 dominacionem

281 2143 482 2182 vestram
513 2152 603 2182 non
635 2139 727 2183 01111
756 2137 950 2194 predicti
980 2137 1027 2179 in
1058 2137 1156 2179 iure
1189 2148 1269 2178 suo
1301 2133 1538 2190 inpediti¹)

425 2244 433 2251 .
469 2243 478 2252 .
513 2244 521 2252 .
557 2209 781 2262 Ceterum,
824 2209 1003 2251 domine
1042 2208 1119 2260 mi,
1159 2208 1379 2262 quantum
1419 2204 1585 2247 retinet
1628 2206 1672 2245 et
1715 2202 1905 2245 includit

281 2283 530 2338 paupertas
572 2279 863 2323 discrecionis
903 2292 1015 2332 mee,
1060 2278 1314 2334 quicunque
1356 2276 1568 2320 suaderet
1608 2274 1751 2327 vobis,
1785 2273 1905 2329 quod

282 2350 441 2394 utilius
482 2351 542 2394 sit
580 2364 664 2406 pro
697 2350 825 2394 vobis
865 2352 908 2392 et
940 2363 1023 2406 pro
1063 2352 1185 2393 statu
1220 2351 1341 2391 terre
1372 2350 1535 2398 vestre,
1570 2346 1690 2401 quod
1722 2345 1813 2388 sint
1842 2344 1905 2387 ibi

284 2422 417 2479 pauci
451 2422 738 2478 episcopatus
762 2423 806 2463 et
828 2421 990 2463 divites
1024 2434 1161 2476 quam
1183 2419 1317 2462 multi
1338 2421 1382 2461 et
1405 2420 1712 2474 competenter
1732 2416 1905 2458 habun-

286 2494 463 2536 dantes:
510 2506 600 2535 non
645 2493 755 2534 bene
798 2491 953 2534 vident
998 2491 1124 2544 illud,
1170 2491 1292 2547 quod
1336 2489 1516 2546 expedit
1561 2489 1618 2530 ad
1663 2488 1830 2529 bonum
1864 2488 1907 2528 01

285 2563 583 2620 tranquillum
630 2565 800 2605 statum
841 2561 971 2617 regni
1011 2561 1166 2604 vestri.
1228 2562 1287 2604 Et
1328 2560 1487 2616 asigno
1528 2560 1642 2602 istas
1680 2557 1905 2600 raciones:

286 2634 406 2687 Quia
438 2636 587 2677 status
620 2633 744 2688 regni
774 2633 1043 2688 Aragonum
1076 2632 1321 2688 aliquando
1353 2632 1578 2683 turbatur,
1612 2629 1683 2671 vel
1714 2629 1907 2670 barones

286 2706 405 2748 inter
447 2718 494 2747 se
536 2704 607 2746 vel
649 2703 951 2759 conspirando
994 2706 1155 2745 contra
1186 2702 1452 2758 principem,
1501 2704 1544 2743 et
1575 2700 1807 2742 inventum
1841 2700 1908 2740 est

286 2777 402 2830 iam,
453 2776 572 2832 quod
612 2773 779 2830 prelati
818 2773 1073 2815 miscebant
1116 2787 1164 2816 se
1204 2773 1251 2815 in
1283 2771 1522 2828 predictis,
1570 2770 1640 2812 vel
1673 2770 1712 2812 si
1743 2781 1909 2825 guerra

289 2849 388 2890 erat
419 2847 539 2888 inter
569 2846 777 2897 barones,
809 2843 1014 2886 faciendo
1046 2846 1240 2899 partem,
1272 2843 1344 2886 vel
1382 2842 1421 2886 01
1454 2844 1612 2883 contra
1643 2840 1906 2896 principem,

433 2962 457 3006 l)
483 2963 531 2997 Er
567 2962 699 3006 spricht
732 2961 824 2995 dann
851 2971 917 2994 von
954 2960 1068 2994 einem
1091 2959 1259 2995 Kardinal
1295 2960 1337 2994 de
1363 2958 1562 3003 mayoribus
1599 2957 1694 2992 011110
1720 2956 1850 2991 amicus
1876 2957 1910 2988 et

289 3023 387 3066 pater
411 3021 554 3056 intimus
580 3031 679 3055 meus
705 3020 792 3054 dixit
816 3019 933 3055 miehi.
