2296 3512
951 194 1270 234 —567—

304 334 433 377 vobis
473 328 654 373 exhibui
699 324 1013 368 fidelissimum
1062 323 1105 362 et
1153 320 1364 361 devotum
1402 317 1447 357 in
1485 312 1607 357 omni
1650 308 1923 367 promptitu-

307 405 408 448 dine
449 399 746 448 serviendum,
781 396 887 437 dum
932 391 1070 434 michi
1110 390 1201 431 vite
1242 387 1524 444 prosperitas
1565 382 1806 425 alludebat.
1870 378 1927 420 Et

306 475 490 517 fortuna
516 474 623 512 tunc
653 470 705 510 ut
736 465 881 508 filium
912 476 984 504 me
1015 460 1212 503 fovebat.
1276 458 1334 499 Et
1364 457 1470 498 licet
1502 456 1555 497 de
1588 455 1734 495 matre
1770 450 1928 492 contra

306 558 378 588 me
420 556 466 585 se
507 537 786 583 mutuaverit
827 535 874 576 in
918 544 1173 581 novercam,
1218 529 1373 570 eadem
1416 525 1593 568 affectio
1624 524 1672 565 in
1703 534 1774 563 me
1806 519 1930 573 viget

309 628 390 658 nec
435 613 482 655 in
528 624 600 653 me
649 607 838 658 deficiet,
889 605 1030 646 donec
1076 601 1237 642 vivam.
1300 599 1359 639 Et
1406 595 1612 652 quamvis
1649 593 1705 635 ad
1745 603 1931 647 presens

309 684 446 728 michi
472 695 605 738 posse
633 677 825 727 deficiat,
859 675 1070 717 voluutas
1103 674 1257 713 tamen
1290 669 1445 710 eadem
1480 670 1547 709 est
1580 668 1624 707 et
1656 663 1773 706 erit.
1800 696 1807 703 .
1834 695 1841 702 .
1875 660 1933 701 Et

312 755 419 812 quia
451 752 714 796 Manfredus
748 746 906 790 Noctis
938 744 1085 787 fidelis
1118 740 1335 796 nunptius
1367 740 1519 780 vester
1552 739 1595 778 et
1626 747 1766 789 nepos
1791 744 1932 782 meus,

312 827 351 870 si
377 825 492 869 scire
514 822 678 865 voletis
711 821 765 862 de
797 817 887 860 mei
920 818 1068 859 status
1101 811 1353 855 mutatione
1387 812 1430 850 et
1463 806 1672 857 essentia,
1705 817 1785 846 vos
1808 804 1947 858 pote--

312 898 374 939 rit
397 894 691 947 declararea),
721 891 778 932 ad
808 900 997 945 presens
1029 885 1094 927 nil
1126 883 1250 926 aliud
1272 881 1374 923 inde
1398 878 1559 922 scribo.
1623 876 1696 917 Ad
1728 875 1808 916 hec
1835 885 1935 916 cum

315 967 440 1011 cordi
466 964 604 1007 michi
635 962 773 1005 fuerit
806 963 849 1002 et
880 959 954 1011 sit,
990 958 1189 999 vestram
1220 952 1509 994 maiestatem
1538 948 1594 990 ad
1616 946 1759 1002 ipsius
1782 946 1936 986 votum

316 1037 516 1082 comodis
550 1038 593 1077 et
624 1032 873 1076 honoribus
906 1026 1142 1071 fecundari
1174 1027 1218 1066 et
1250 1022 1418 1078 iugiter
1451 1020 1496 1061 in
1523 1017 1731 1060 omnibus
1753 1027 1938 1070 prospe-

316 1109 425 1162 rari,
466 1108 519 1149 de
558 1104 765 1155 materia,
800 1115 883 1158 pro
918 1112 1008 1155 qua
1040 1095 1304 1140 Manfredus
1336 1091 1567 1148 predictus
1600 1088 1723 1130 venit
1754 1087 1799 1127 111
1831 1085 1939 1126 Τ110-

318 1180 447 1231 ciam,
474 1176 671 1233 nequivi,
701 1172 854 1230 quinb)
876 1171 979 1213 inde
1003 1170 1153 1211 vestre
1174 1162 1404 1208 maiestati
1422 1161 1681 1211 scriberem,
1701 1156 1939 1199 abstinere.

317 1253 376 1295 Et
409 1249 516 1305 quia
548 1246 812 1291 Manfredus
844 1256 985 1285 meus,
1019 1243 1068 1282 ut
1102 1236 1291 1294 predixi,
1327 1236 1395 1277 est
1426 1244 1580 1287 nepos,
1615 1231 1669 1272 de
1702 1241 1784 1271 sua
1810 1227 1942 1269 devo-

319 1322 441 1364 tione
486 1331 657 1373 suaque
702 1310 1105 1371 promptitudineC)
1154 1313 1197 1349 et
1241 1303 1546 1349 sollicitudine
1588 1314 1679 1342 non
1724 1297 1942 1340 describo.

323 1392 401 1435 Set
448 1391 546 1433 dico
594 1388 722 1431 vobis
778 1385 898 1441 quod
952 1382 1210 1438 gauderem,
1263 1377 1302 1420 si
1352 1375 1532 1431 plenam
1586 1372 1688 1413 inde
1734 1367 1945 1411 notitiam

322 1461 564 1505 haberetis.
628 1459 698 1500 Ad
732 1458 814 1498 hec
846 1468 947 1497 011111
980 1451 1103 1494 0111111
1134 1447 1402 1499 reverentia,
1427 1443 1666 1487 devotione
1699 1443 1741 1482 et
1775 1438 1946 1482 subiec-

323 1534 445 1577 tione
472 1530 692 1586 supplico,
726 1530 776 1569 ut
796 1526 1040 1568 verborum
1066 1534 1271 1563 meorum
1297 1516 1539 1574 prolixitas
1562 1526 1643 1555 vos
1665 1525 1752 1553 nou
1777 1511 1948 1565 gravet.

324 1606 442 1648 Nam
474 1603 580 1644 licet
612 1599 854 1657 prolixitas
888 1596 948 1637 sit
978 1593 1180 1643 vitanda,
1215 1594 1368 1632 tamen
1400 1587 1507 1639 scio,
1542 1584 1662 1640 quod
1687 1595 1769 1624 nec
1791 1582 1861 1623 est
1886 1579 1951 1621 sic

329 1676 487 1731 lingua
520 1671 754 1721 frenanda,
788 1671 838 1710 ut
872 1681 898 1709 a
925 1664 1125 1708 dicendis
1157 1659 1426 1704 necessariis
1460 1659 1503 1699 et
1533 1654 1721 1698 utilibus
1745 1648 1950 1704 debeatd)

327 1744 558 1800 restringi.
622 1743 679 1785 Et
713 1742 817 1783 aute
855 1738 1008 1780 01111110
1041 1735 1155 1787 dico,
1191 1733 1310 1789 quod
1342 1731 1388 1772 in
1420 1731 1569 1771 vestre
1600 1722 1854 1768 maiestatis
1885 1721 1952 1763 iu-

329 1817 445 1860 dicio
490 1816 639 1857 inesse
688 1812 820 1854 debet
868 1806 1186 1857 consideratio,
1237 1802 1357 1858 quod
1402 1799 1562 1842 civitas
1605 1797 1790 1838 Lucana
1835 1805 1953 1834 nunc

330 1887 506 1943 regitur
532 1885 614 1928 sub
643 1882 776 1926 titulo
800 1878 1094 1930 Gebellino.2)
1147 1874 1347 1918 Oomune
1372 1869 1599 1913 Florentie
1631 1863 1956 1909 inevitabiliter

333 1961 400 2001 est
441 1958 685 2013 gravatum
728 1955 771 1996 et
803 1952 1024 2008 gravatur
1065 1946 1274 1989 continue
1317 1953 1615 1999 personarum
1646 1935 1879 1980 laboribus
1913 1935 1956 1975 et

333 2029 545 2071 oneribus
594 2037 908 2081 expensarum.
972 2022 1030 2063 Et
1073 2019 1192 2061 idem
1237 2019 1306 2058 est
1350 2015 1403 2056 de
1445 2012 1546 2054 aliis
1601 2007 1862 2052 civitatibus
1914 2006 1958 2046 et

335 2098 690 2142 comunitatibus
713 2094 860 2151 partis
879 2091 1039 2136 Guelfe
1053 2089 1227 2141 Tuscie,
1252 2100 1337 2142 que
1361 2098 1461 2127 cum
1484 2079 1711 2125 communi
1732 2078 1765 2120 F
1768 2074 1958 2119 lorentie

340 2172 446 2213 sunt
478 2170 535 2211 ad
567 2169 700 2210 idem.
762 2166 820 2208 Et
858 2178 947 2207 non
984 2163 1232 2204 humanum
1271 2158 1403 2200 debet
1442 2152 1615 2196 censeri
1644 2148 1860 2192 iudicium
1892 2148 1960 2189 set

338 2241 553 2284 divinum.
616 2239 819 2280 Fortuna
851 2249 878 2277 a
910 2234 1086 2277 duobus
1109 2229 1306 2273 maxime
1330 2226 1459 2269 annis
1492 2223 1697 2280 proxime
1729 2216 1959 2276 preteritis

336 2324 480 2367 usque
515 2310 649 2351 modo
691 2308 778 2350 fuit
817 2309 861 2348 et
900 2305 1011 2347 adeo
1046 2305 1114 2345 est
1147 2301 1339 2343 adversa
1369 2294 1587 2353 predictis
1620 2291 1772 2334 circha
1804 2290 1960 2343 damp-

337 2397 445 2426 num
486 2392 785 2437 personarum
818 2379 862 2419 et
892 2388 1060 2427 rerum,
1095 2372 1215 2428 quod
1248 2371 1359 2412 adeo
1393 2369 1498 2411 sunt
1530 2362 1704 2407 turbati
1737 2375 1758 2403 e
1792 2359 1961 2414 0118110-

338 2453 459 2504 riati,
504 2449 711 2507 oppressi
752 2451 795 2490 et
837 2446 1008 2498 afflicti,
1053 2443 1173 2500 quod
1212 2441 1443 2496 nequeunt
1475 2436 1630 2479 oculos
1664 2431 1873 2475 attollere
1906 2428 1963 2470 ad

338 2525 490 2568 lumen
523 2520 759 2577 perspicue
791 2516 1012 2560 veritatis.
1076 2515 1134 2557 Et
1167 2512 1299 2569 quasi
1331 2509 1419 2553 dici
1451 2509 1616 2564 potest,
1652 2503 1772 2560 quod
1804 2499 1963 2544 sintin

341 2595 585 2651 reprobum
620 2603 801 2634 sensum
833 2588 940 2631 dati.
1005 2587 1218 2628 Preterea
1250 2583 1325 2624 ille
1356 2578 1577 2637 pastor,3)
1612 2575 1689 2632 qui
1721 2571 1965 2617 salubriter

484 2676 513 2719 a)
539 2673 675 2708 declare
702 2671 759 2706 Or.
839 2670 869 2712 b)
897 2669 992 2713 quim
1018 2667 1076 2702 Or.
1140 2668 1168 2710 c)
1194 2663 1334 2710 pronpti
1359 2661 1518 2696 tutudine
1545 2659 1602 2693 Or.
1680 2657 1711 2701 d)
1737 2654 1837 2698 Folgt
1862 2651 1965 2686 iiber-

342 2735 468 2779 fliissig
493 2735 533 2767 ut
558 2733 617 2767 Or.

488 2852 514 2896 ²)
540 2851 613 2885 Seit
639 2849 719 2882 dem
742 2847 849 2882 Jahre
876 2845 978 2879 1314.

489 2922 515 2967 ³)
540 2922 612 2956 Der
628 2920 734 2963 Papst
757 2918 849 2951 kann
874 2926 910 2949 es
937 2914 1026 2948 doch
1050 2912 1148 2947 nicht
1172 2911 1263 2954 sein,
1289 2910 1356 2944 seit
1380 2909 1470 2942 1314
1488 2917 1560 2940 war
1579 2905 1641 2938 der
1658 2901 1849 2947 papstliche
1867 2896 1969 2933 Stuhl

348 2983 505 3027 erledigt.
557 2979 608 3015 Ob
634 2977 746 3021 Konig
770 2974 924 3010 Robert?
