2296 3512
1137 284 1452 324 —710—

629 411 702 452 Ad
734 412 979 453 secundum
1003 414 1166 463 autem,
1191 413 1310 466 quod
1334 411 1480 453 dictus
1505 410 1868 467 archiepiscopus
1891 410 2106 466 proponit

491 495 642 524 coram
682 482 826 533 nobis,
859 480 1063 537 prefatus
1090 482 1279 524 nuncius
1313 482 1465 524 taliter
1498 482 1799 537 respondebit,
1833 482 1966 537 quod,
2000 479 2105 522 licet

490 551 621 594 multi
658 551 850 594 multum
888 552 1133 607 loquantur
1164 553 1218 594 de
1249 553 1348 608 ipso
1380 566 1486 607 rege
1518 555 1783 608 Aragonum
1815 565 1951 608 super
1981 551 2107 593 inva-

492 623 616 665 sione
669 626 713 664 et
764 623 1059 678 occupatione
1110 623 1342 679 predictis,
1396 623 1558 679 quibus
1607 636 1814 666 accessus
1860 622 2107 664 multorum

490 693 711 735 nobilium
745 694 888 735 eidem
919 694 1017 749 regi
1048 695 1313 749 Aragonum
1337 694 1622 736 subditorum
1645 694 1702 735 ad
1725 692 1874 735 Sicilie
1896 692 2106 744 insulam,

493 766 537 805 et
568 764 826 819 specialiter
856 765 1077 806 Bernardi
1110 765 1163 807 de
1197 763 1411 806 Sarriano
1446 763 1676 805 ammirati
1726 764 1840 818 sui5)
1894 763 2107 819 precipue

490 835 670 877 videtur
722 834 1027 877 occassionem
1079 835 1294 890 loquendi
1346 837 1389 876 et
1440 834 1678 876 materiam
1726 833 1978 890 prebuisse:
2026 846 2108 876 nos

491 909 642 948 tamen
677 906 1026 958 considerantes,
1061 907 1180 961 quod
1212 906 1330 947 idem
1363 919 1442 947 rex
1473 905 1703 960 Aragonie
1736 908 1954 960 tanquam
1986 904 2109 959 prin-

492 990 596 1033 ceps
639 976 1042 1020 christianissimus
1082 979 1125 1018 et
1165 989 1243 1019 sue
1283 976 1541 1018 innocencie
1586 975 1768 1018 sedulus
1802 977 2108 1026 conservator,

492 1048 538 1089 in
570 1047 665 1091 suis
699 1047 874 1090 actibus
906 1048 1062 1103 previo
1085 1046 1282 1089 racionis
1305 1047 1470 1089 iudicio
1495 1047 1582 1101 eta)
1618 1047 1779 1089 comite
1801 1046 1973 1088 sincere
1997 1045 2110 1087 cari-

492 1119 602 1160 tatis
636 1118 799 1160 affectu
830 1120 1073 1174 procedere
1107 1118 1354 1169 consuevit,
1386 1120 1630 1173 pensantes
1664 1130 1855 1173 quoque,
1890 1117 2008 1172 quod
2032 1129 2111 1157 rex

492 1189 589 1245 ipse
623 1188 786 1241 Sicilie,
820 1193 955 1245 prout
989 1203 1042 1230 ex
1074 1189 1175 1241 hiis,
1209 1202 1293 1244 que
1326 1189 1494 1231 dudum
1527 1188 1657 1231 nobis
1681 1187 1891 1243 exposuit
1913 1187 2110 1229 existens

491 1259 538 1301 in
557 1260 681 1302 curia
703 1260 936 1302 nobiscum
955 1260 1231 1315 coloquendo
1250 1259 1551 1311 familiariter,
1571 1259 1800 1300 evidenter
1814 1257 2110 1314 percepimus,

494 1331 547 1373 de
588 1331 687 1386 ipso
728 1344 833 1386 rege
856 1331 1087 1386 Aragonie
1123 1344 1203 1386 pre
1228 1330 1329 1372 aliis
1352 1329 1632 1373 secularibus
1654 1329 1810 1371 mundi
1832 1327 2112 1384 principibus

495 1401 760 1454 confidebat,
802 1415 883 1443 nec
922 1401 1176 1444 audivimus
1215 1401 1530 1456 supervenisse
1568 1399 1735 1455 aliqua,
1770 1413 1854 1455 que
1888 1398 2112 1441 confiden-

495 1473 610 1514 ciam
642 1473 790 1528 ipsam
822 1473 1056 1528 potuerint
1081 1472 1152 1514 vel
1186 1472 1421 1514 debuerint
1455 1471 1716 1514 dissolxisse
1751 1503 1759 1511 .
1796 1504 1803 1511 .
1840 1504 1847 1511 .
1880 1469 1927 1511 in
1960 1472 2113 1511 nostre

493 1557 575 1585 nec
608 1544 766 1586 cadere
798 1547 949 1599 potest
982 1557 1062 1585 nec
1093 1543 1242 1598 potuit
1272 1543 1554 1585 credulitatis
1579 1554 1826 1593 assensum,
1851 1540 1971 1596 quod
1992 1539 2112 1581 facto

494 1617 589 1656 tam
623 1614 892 1666 detestabili,
926 1614 1130 1657 excessui
1161 1617 1255 1655 tam
1290 1613 1475 1665 enormi,
1508 1612 1748 1669 presertim
1781 1625 1881 1653 cum
1909 1614 2114 1653 sanctam

495 1686 746 1727 Romanam
781 1685 1031 1737 ecclesiam,
1063 1688 1257 1727 matrem
1290 1697 1434 1737 suam,
1468 1697 1553 1740 que
1586 1684 1734 1739 ipsum
1757 1696 1910 1737 regem
1935 1683 2113 1736 Arago-

494 1769 602 1798 num
641 1756 758 1811 gerit
795 1757 841 1798 in
880 1756 1086 1799 caritatis
1118 1756 1368 1798 visceribus
1397 1760 1616 1810 tanquam
1638 1753 1934 1810 predilectum
1956 1752 2113 1804 filium,

496 1827 663 1869 directe
695 1828 912 1883 respiciat
944 1827 1015 1869 vel
1047 1827 1092 1869 in
1125 1826 1341 1882 directob)
1376 1826 1624 1869 dominium
1658 1824 1766 1867 dicti
1797 1823 1939 1880 regni,
1963 1836 2115 1865 assen-

495 1912 594 1941 sum
641 1899 830 1954 prebere
876 1899 1026 1954 potuit
1073 1898 1291 1941 celsitudo
1339 1897 1465 1953 regia
1511 1897 1582 1938 vel
1624 1909 1891 1938 consensum
1934 1908 2014 1936 nec
2056 1893 2116 1937 sit

496 1969 731 2012 consilium
766 1969 836 2011 vel
867 1970 1071 2011 favorem
1102 1969 1148 2010 in
1179 1972 1413 2024 posterum
1446 1967 1693 2023 prebitura.

636 2040 816 2082 Adiciet
854 2053 1031 2096 quoque
1069 2039 1273 2095 prefatus
1312 2038 1516 2090 nuncius,
1557 2037 1676 2093 quod
1707 2050 1789 2079 nos
1823 2049 1960 2092 super
1992 2035 2116 2078 obla-

497 2111 622 2153 cione
674 2111 939 2166 premissafi)
993 2124 1093 2152 cum
1144 2109 1299 2153 multis
1354 2123 1406 2151 ex
1458 2108 1677 2150 fratribus
1730 2107 1914 2160 nostris,
1962 2108 2117 2149 sancte

497 2182 697 2224 Romane
731 2182 915 2224 ecclesie
948 2181 1254 2223 cardinalibus
1289 2179 1665 2222 deliberacionem
1692 2178 1953 2233 diligentem
1976 2178 2117 2219 habu-

498 2253 614 2295 imus
660 2258 703 2295 et
743 2256 1009 2297 tractatum:
1054 2255 1098 2294 et
1138 2252 1243 2293 licet
1287 2251 1515 2293 nonnullis
1557 2263 1612 2292 ex
1649 2249 1762 2305 ipsis
1812 2248 1961 2304 prima
2002 2246 2116 2289 facie

498 2324 644 2366 visum
690 2324 827 2366 fuerit
873 2323 1096 2379 expedire,
1144 2322 1318 2364 nullum
1370 2322 1496 2377 pacis
1549 2323 1795 2363 tractatum
1849 2333 1948 2361 cum
1997 2318 2116 2360 dicto

497 2395 725 2437 Friderico
766 2395 977 2450 incipere,
1027 2408 1124 2436 Culll
1175 2407 1437 2436 excessuum
1485 2405 1671 2435 suorum
1720 2389 2025 2433 consideracio
2074 2392 2118 2430 et

499 2466 773 2508 offensorum
807 2465 1039 2520 congeries
1066 2464 1191 2506 clara
1215 2464 1469 2506 diffidencie
1492 2463 1710 2518 prebeant
1735 2463 2015 2516 argumenta,
2037 2472 2118 2501 nec

500 2537 554 2578 de
602 2537 797 2580 cuiusvis
844 2536 970 2592 pacis
1022 2535 1343 2578 observacione
1388 2534 1435 2576 in
1474 2534 1574 2589 ipso
1616 2532 1713 2588 spei
1743 2531 1932 2586 reliquie
1963 2530 2118 2572 relicte

502 2607 710 2649 videntur
731 2607 1026 2663 inposterum,
1051 2620 1183 2662 quem
1208 2609 1366 2647 contra
1388 2618 1545 2661 pacem
1568 2606 1814 2645 tractatam
1836 2602 1927 2643 iam
1950 2601 2116 2643 dudum

501 2681 544 2719 et
574 2678 803 2720 firmatam
837 2691 861 2719 a
893 2678 988 2720 Deo
1023 2691 1075 2719 ac
1107 2677 1280 2719 diucius
1304 2677 1593 2718 observatam
1615 2678 2000 2728 transgressorem
2023 2675 2117 2713 tam

500 2748 727 2790 notorium
761 2748 1030 2804 experimus,
1063 2750 1132 2790 set
1163 2747 1321 2802 pocius
1345 2747 1402 2788 ad
1425 2745 1697 2788 domandam
1724 2743 1818 2785 eius
1840 2741 2118 2798 proterviam

502 2819 616 2861 iuris
662 2819 818 2860 laxare
865 2818 1064 2860 remedia
1114 2831 1165 2860 ac
1211 2816 1410 2859 remedia
1457 2815 1668 2857 remediis
1717 2812 1967 2855 cumulare:
2035 2824 2118 2853 nos

643 2902 672 2943 ³)
697 2911 715 2934 e
743 2900 824 2943 Reg.
868 2900 898 2943 b)
925 2899 968 2934 So
993 2900 1077 2944 Reg.

643 3006 670 3049 ⁵)
697 3006 767 3039 Der
792 3005 874 3039 aber
898 3005 1006 3038 wider
1031 3005 1098 3039 den
1124 3003 1256 3038 Willen
1281 3003 1394 3037 seines
1420 3002 1632 3037 Herrschers
1657 3010 1835 3045 gegangen
1859 3009 1940 3033 war.

644 3065 670 3108 δ’)
697 3064 766 3098 Des
791 3064 1023 3098 Erzbischofs.
