2296 3512
958 260 1275 299 —765-

302 387 427 441 quod
467 399 607 441 regna
639 385 841 440 Yspanie
878 389 1066 440 propter
1098 385 1344 427 multorum
1382 400 1553 440 regum,
1596 386 1850 442 principum
1885 389 1927 427 et

308 457 528 498 baronum
563 455 823 498 effusionem
863 455 1096 510 sanguinis
1130 455 1312 497 fuerunt
1345 457 1580 511 acquisita,
1627 458 1682 498 ad
1723 457 1926 512 ipsorum

304 540 549 582 regnorum
592 526 833 568 tuicionem
889 530 932 566 et
988 525 1271 567 inimicorum
1326 527 1680 570 destruccionem
1726 527 1926 569 volentes

307 597 499 651 vestigia
540 610 723 639 suorum
772 597 1144 651 predecessorum
1198 598 1413 651 prosequi
1454 632 1461 638 .
1505 632 1511 638 .
1554 632 1561 638 .
1603 598 1927 639 ordinaverunt

306 667 423 709 inter
446 681 492 709 se
520 668 572 708 de
595 669 815 722 perpetua
834 669 877 708 et
894 666 1147 708 inviolabili
1165 680 1273 721 pace
1291 667 1409 708 inter
1429 681 1503 710 eos
1527 668 1835 710 confirmanda
1855 702 1862 709 .
1885 702 1891 709 .
1917 703 1924 709 .

307 737 730 789 Consideraverunt,
765 738 885 792 quod
919 741 1068 779 status
1094 751 1337 792 regnorum
1361 751 1544 779 suorum
1579 739 1740 780 dubius
1764 745 1807 780 et
1839 753 1943 792 non-

306 808 510 850 totaliter
528 808 742 863 pacificus
759 810 801 849 et
819 821 1006 850 securus
1032 807 1269 859 existebat,
1297 812 1540 862 propterea
1563 809 1666 863 quia
1693 814 1760 851 est
1783 810 1927 850 adhuc

306 879 351 920 in
392 879 600 933 partibus
639 879 841 934 Yspanie
882 879 996 920 citra
1035 892 1160 920 mare
1207 893 1395 932 regnum
1439 878 1707 932 Gra11asle,÷=)
1752 914 1758 921 .
1796 914 1803 921 .
1840 914 1848 921 .
1882 880 1927 921 in

300 962 394 1004 quo
443 962 581 1004 regno
626 952 693 991 est
735 948 1090 991 Sarracenorum
1135 949 1310 990 infinita
1353 948 1597 991 multitudo
1641 950 1839 1004 equitum
1885 954 1928 992 et

304 1020 508 1075 peditum
550 1021 605 1062 ad
640 1033 767 1061 arma
807 1024 850 1061 et
884 1020 1104 1072 civitates,
1147 1025 1296 1062 castra
1331 1022 1373 1061 et
1405 1019 1505 1061 loca
1537 1020 1800 1073 fortissima,
1842 1034 1927 1076 que

307 1091 576 1143 detinentur,
610 1104 692 1146 per
712 1104 860 1145 regem
898 1094 941 1132 et
957 1089 1233 1133 Sarracenos
1266 1090 1558 1145 predictos..
1590 1124 1597 1131 .
1632 1091 1761 1140 Item,
1798 1095 1929 1146 pater

309 1164 476 1213 sancte,
522 1162 643 1203 ultra
675 1161 787 1203 illud
835 1175 973 1213 mare,
1025 1162 1144 1216 quod
1193 1167 1261 1204 est
1304 1161 1381 1213 ibi,
1435 1165 1503 1203 est
1540 1175 1620 1202 rex
1668 1162 1927 1213 Marrochii,

301 1233 383 1288 *qui
433 1236 499 1275 est
549 1232 917 1288 potentissimus,
974 1246 1078 1274 nam
1129 1235 1176 1273 ut
1227 1232 1478 1274 comuniter
1536 1233 1698 1283 fertur,
1751 1236 1927 1274 tantum

305 1307 457 1359 potest
504 1303 650 1345 dictus
704 1317 796 1355 rex7
852 1308 1071 1358 quantum
1116 1302 1340 1345 Soldanus
1382 1302 1637 1355 Babilonie,
1689 1304 1808 1358 quod
1851 1317 1928 1344 nu-

302 1388 387 1430 per
440 1388 574 1430 opere
624 1375 964 1416 demonstravit.
1042 1375 1158 1415 Nam
1215 1388 1315 1416 cum
1366 1388 1444 1415 rex
1494 1374 1694 1416 Granate
1742 1374 1929 1416 nuncios

307 1459 412 1489 suos
456 1445 655 1488 misisset
702 1447 757 1487 ad
814 1446 960 1501 ipsum
1016 1459 1099 1501 pro
1152 1445 1370 1488 faciendis
1425 1445 1826 1497 convencionibus,
1880 1448 1929 1486 ut

306 1517 558 1559 comuniter
621 1517 831 1568 creditur,
901 1519 1058 1558 contra
1115 1514 1413 1565 Christianos,
1480 1517 1576 1571 ipse
1636 1530 1714 1557 rex
1782 1516 1929 1558 noluit

305 1587 430 1643 ipsos
478 1588 677 1642 recipere
722 1587 923 1639 nuncios,
972 1587 1059 1628 nisi
1106 1587 1151 1628 in
1200 1587 1373 1642 campis
1426 1587 1604 1642 publice
1654 1590 1929 1642 congregata

305 1658 500 1700 militum
525 1658 826 1709 multitudine,
862 1672 997 1713 quam
1030 1658 1228 1700 habebat
1258 1661 1301 1700 et
1324 1671 1474 1700 secum
1499 1659 1659 1699 ducere
1683 1658 1927 1700 consuexit.

306 1728 394 1781 Qui
428 1729 563 1771 etiam
602 1744 681 1771 rex
716 1729 949 1781 Marochii,
982 1730 1177 1771 nondum
1216 1733 1283 1771 est
1314 1729 1497 1784 longum
1532 1733 1724 1784 tempus,
1758 1729 1929 1771 scilicet

307 1814 333 1842 a
376 1800 539 1855 viginti
584 1801 780 1856 quinque
825 1801 954 1843 annis
1001 1800 1115 1842 citra
1153 1799 1367 1842 transivit
1400 1800 1514 1841 citra
1546 1814 1672 1841 mare
1704 1800 1747 1841 in
1780 1800 1929 1854 Yspa-

303 1871 427 1912 ,niam
462 1872 572 1913 bene
606 1886 704 1913 cum
731 1871 892 1926 viginti
921 1871 1117 1926 quinque
1149 1871 1333 1913 milibus
1367 1871 1567 1926 equitum
1603 1874 1646 1912 et
1677 1870 1812 1912 ultra.
1873 1871 1930 1912 Et

301 1941 450 1983 eidem
492 1956 635 1998 reges,
678 1946 810 1998 pater
842 1942 1140 1995 sanctissime,
1174 1945 1268 1984 tam
1304 1942 1504 1984 Granate
1539 1955 1674 1997 quam
1708 1941 1929 1983 Marochii

306 2013 475 2055 habent
518 2013 563 2054 in
608 2013 740 2069 rippa
786 2013 928 2055 maris
972 2016 1132 2068 portus
1179 2017 1222 2055 et
1264 2016 1416 2055 castra
1456 2012 1708 2055 fortissima
1750 2012 1853 2053 111110
1887 2016 1929 2053 et

306 2083 422 2125 inde.
486 2084 543 2125 Et
581 2097 705 2126 mare
746 2087 813 2127 est
851 2084 914 2125 ibi
952 2084 1017 2125 113
1050 2083 1389 2127 strictissimum
1424 2084 1541 2125 sicut
1572 2084 1687 2125 Faro
1722 2084 1928 2125 Messane

308 2157 351 2195 et
383 2168 545 2210 passus
577 2155 642 2197 ita
676 2155 838 2207 brevis,
873 2156 991 2210 quod
1027 2158 1188 2210 quater
1221 2157 1264 2196 et
1297 2154 1535 2210 quinquies
1568 2154 1613 2195 in
1641 2154 1711 2196 die
1739 2156 1929 2209 possunt

304 2225 524 2276 homines,
572 2226 744 2280 equites
791 2230 834 2268 et
876 2226 1051 2281 pedites
1092 2226 1145 2267 de
1184 2225 1407 2267 Barbaria.
1450 2226 1507 2267 ad
1538 2228 1693 2280 partes
1727 2224 1928 2266 Granate

301 2295 551 2337 ‘transitum
579 2297 738 2338 facere.

448 2388 491 2422 So
523 2389 635 2423 haben
666 2389 721 2423 die
753 2390 885 2434 Konige
916 2390 1162 2435 Ehevertrage,
1201 2390 1399 2425 Biindnisse
1437 2391 1508 2424 und
1540 2390 1647 2435 Krieg
1684 2389 1927 2424 beschlossen:

309 2448 353 2481 40
379 2447 548 2481 Galeeren
573 2447 696 2482 wellen
728 2447 776 2482 sie
808 2451 989 2483 ausriisten
1024 2450 1094 2483 und
1126 2450 1180 2483 die
1207 2449 1393 2494 Meerenge
1418 2449 1618 2487 bewaehen,
1652 2461 1711 2483 um
1738 2449 1854 2493 Zuzug
1886 2460 1928 2482 zu

304 2506 528 2541 wrhjndern.
579 2506 642 2540 Die
668 2506 882 2541 Sarracenen
914 2507 1026 2541 haben
1052 2507 1119 2541 viel
1144 2508 1179 2542 in
1205 2508 1355 2551 Spanien
1381 2519 1585 2553 gewonnen,
1618 2508 1667 2542 sie
1694 2507 1813 2541 1131160
1844 2508 1928 2551 jetzt

308 2566 395 2599 noch
421 2564 573 2599 Kastelle
599 2576 667 2599 von
692 2565 861 2600 Kastilien
887 2567 957 2600 und
985 2578 1047 2600 zur
1072 2567 1146 2600 Zeit
1170 2568 1314 2611 ι1330163
1339 2567 1366 2601 Ι.
1393 2567 1544 2601 nahmen
1570 2567 1619 2601 sie
1647 2567 1692 2601 60
1717 2567 1787 2600 und
1816 2566 1927 2607 mehr,

308 2625 361 2658 die
387 2624 490 2658 Peter
519 2625 549 2658 d.
578 2625 636 2658 Gr.
662 2624 726 2657 mit
751 2624 819 2658 viel
844 2624 925 2658 Blut
952 2625 1237 2669 zm'iickgewann.
1289 2626 1330 2660 ln
1357 2627 1419 2660 der
1450 2627 1524 2660 Zeit
1549 2626 1714 2660 Alfonsos
1740 2626 1786 2661 II.
1815 2625 1927 2659 haben

300 2684 355 2717 *sie
383 2682 538 2716 zweimal
569 2683 629 2717 das
655 2682 763 2717 Reich
790 2682 954 2717 Valencia
979 2684 1197 2728 angegriffen
1227 2685 1298 2718 und
1324 2684 1431 2719 selbst
1463 2685 1498 2718 in
1528 2685 1590 2718 der
1615 2685 1689 2718 Zeit
1713 2685 1855 2728 Jaymes
1880 2684 1926 2718 Π.

307 2742 419 2776 haben
459 2742 524 2775 sie:
563 2742 747 2786 Rogerium
780 2741 821 2775 de
853 2742 964 2783 Loria,
1003 2742 1182 2777 combusta
1213 2743 1302 2779 villa,
1342 2754 1408 2787 que
1440 2744 1678 2787 Cessentama
1702 2745 1853 2785 vocatur,
1892 2743 1927 2775 in

299 2806 419 2835 <castro
458 2812 519 2844 per
554 2807 624 2834 tres
651 2800 724 2834 dies
756 2802 943 2834 tenuerunt
974 2800 1167 2835 obsessum.
1218 2802 1368 2835 Tandem
1406 2802 1500 2836 fama
1524 2802 1698 2844 veniente,
1738 2802 1828 2845 quod
1865 2812 1925 2835 rex

307 2862 518 2903 Aragonum,
545 2859 603 2903 qui
629 2865 701 2893 erat
727 2859 763 2892 in
789 2858 974 2899 Catalonia,
1008 2860 1050 2893 ad
1082 2862 1196 2902 partes
1222 2860 1386 2895 Valencie
1412 2860 1607 2903 accedebat,
1640 2862 1859 2895 recesserunt
1884 2859 1926 2893 ab

300 2918 482 2953 -obsidione
509 2918 671 2962 predicta.
721 2918 765 2952 Et
795 2917 910 2961 sepius
941 2918 977 2951 in
1002 2918 1101 2952 dictis
1127 2918 1361 2953 invasionibus
1386 2922 1421 2953 et
1445 2919 1530 2962 aliis,
1564 2930 1648 2963 quas
1674 2919 1709 2952 in
1738 2918 1925 2962 Yspaniam

299 2977 477 3021 16661001,
516 2977 674 3011 homines
700 2981 735 3010 et
759 2976 932 3018 mulieres,
970 2977 1121 3011 infantes
1159 2980 1328 3021 ceperunt
1364 2980 1399 3012 et
1436 2982 1553 3022 captos
1591 2989 1710 3012 secum
1737 2978 1925 3022 duxerunt,

300 3036 554 3081 *compellentes
580 3038 650 3069 tam
675 3046 789 3070 mares
807 3046 909 3079 quam
927 3035 1073 3069 feminas
1100 3034 1294 3080 relinquere
1321 3036 1431 3080 legem
1451 3038 1602 3071 nostram
1625 3039 1658 3070 et
1677 3047 1774 3070 suain
1793 3038 1924 3069 sectam
