2296 3512
1110 247 1429 287 —1836—

463 378 571 418 bent
598 378 654 418 ad
676 377 962 418 serviendum
985 375 1072 419 sibi
1094 378 1137 416 et
1160 375 1345 417 ecclesie
1369 378 1412 417 et
1433 375 1683 417 bonitatem
1707 374 1926 430 gencium,
1961 375 2081 429 quod

458 449 568 488 tunc
599 450 753 502 posset
784 446 944 489 melius
977 445 1189 487 iudicare.
1254 445 1378 487 Tunc
1408 445 1507 500 ipse
1539 444 1666 497 dixit,
1702 445 1822 500 quod
1847 445 1938 486 iam
1967 443 2080 486 alias

458 517 610 559 fuerat
651 517 738 559 sibi
771 517 941 559 dictum
974 517 1027 558 de
1061 515 1241 558 domino
1273 515 1446 557 infante
1478 514 1690 567 Alfonso,
1732 516 1850 570 quod
1884 515 2082 557 habebat

463 589 520 630 ad
552 587 837 630 serviendum
869 587 956 630 sibi
989 587 1155 629 bonam
1187 586 1490 638 voluntatem,
1534 588 1602 627 set
1635 587 1752 641 quod
1786 585 1979 627 multum
2014 598 2081 626 er-

460 661 645 700 raverat
666 657 711 699 in
733 658 991 699 mandando
1011 657 1215 699 abstrahi
1237 657 1501 712 peccuniam
1524 658 1577 698 de
1596 657 1808 698 sacrariis
1833 660 1875 698 et
1897 655 1943 697 in
1960 655 2081 697 facto

461 729 755 770 Barchinone.
818 729 875 769 Et
918 728 956 770 si
997 728 1043 770 in
1083 728 1231 783 primo
1266 728 1513 770 excusabat
1546 740 1647 769 eum
1681 727 1951 779 necessitas,
1993 739 2082 768 non

461 803 614 841 tamen
647 799 692 840 in
726 799 934 842 secundo.
982 799 1040 840 Et
1064 799 1169 854 quia
1193 800 1246 840 de
1264 798 1411 853 primo
1434 798 1530 853 ipse
1552 798 1672 839 idem
1696 812 1797 840 eum
1822 797 2081 848 excusabat,

458 869 547 912 fuit
580 871 632 911 de
665 870 859 912 secundo
895 872 1148 921 excusatus,
1185 869 1304 923 quod
1326 868 1424 923 ipse
1456 868 1624 910 fecerat
1652 868 1764 909 illud
1786 868 2082 910 indeliberate

463 944 507 983 et
539 954 591 981 ex
626 941 823 995 quadam
857 940 996 982 animi
1038 939 1323 981 turbacione:
1367 952 1455 980 non
1489 939 1675 981 credens
1707 941 1886 980 tantum
1919 940 2081 988 facere,

462 1014 506 1053 et
539 1012 658 1067 quod
688 1011 922 1066 penitebat
954 1025 1054 1052 eum
1087 1011 1140 1052 de
1174 1023 1238 1062 eo,
1274 1010 1393 1064 quod
1429 1008 1595 1051 fecerat
1629 1043 1637 1051 .
1672 1043 1679 1050 .
1716 1043 1725 1051 .
1788 1010 1928 1061 Dixit,
1963 1009 2083 1064 quod

456 1083 557 1138 ipse
590 1082 745 1124 statim
778 1082 1050 1137 provideret,
1084 1084 1127 1122 et
1160 1080 1367 1135 sequenti
1398 1094 1544 1132 mane,
1579 1093 1666 1135 quo
1698 1079 1785 1122 fuit
1819 1080 1973 1135 vigilia
2004 1093 2083 1121 na-

460 1152 566 1195 talis
600 1153 782 1204 domini,
827 1152 1034 1194 dominus
1068 1152 1130 1193 R.
1166 1150 1296 1192 Valle
1330 1150 1444 1192 dixit
1476 1150 1628 1202 nobis,
1672 1151 1791 1206 quod
1825 1150 1911 1193 sibi
1955 1154 2084 1192 erant

459 1224 673 1265 mandate
705 1223 834 1265 litere
867 1236 1003 1278 super
1035 1222 1157 1263 dicta
1190 1221 1410 1263 dilacione
1445 1225 1488 1263 et
1521 1222 1641 1276 quod
1673 1221 1906 1276 expediret
1937 1234 2012 1263 eas
2038 1255 2045 1261 .
2074 1255 2081 1261 .

461 1292 685 1346 Creditur,
729 1294 846 1348 quod
889 1296 1025 1334 crude
1065 1295 1109 1333 et-
1140 1292 1258 1333 male
1290 1292 1485 1334 libenter
1523 1291 1733 1347 expediat
1773 1291 1954 1342 literas,
1997 1291 2084 1332 nisi

462 1364 630 1419 aliquid
678 1363 764 1405 sibi
809 1365 951 1405 detur.
1017 1362 1163 1418 Super
1206 1363 1292 1405 hoc
1332 1362 1547 1405 scribitur
1589 1363 1769 1405 domino
1811 1363 1857 1404 Ρ.
1893 1362 2081 1404 Marchi.

461 1436 563 1477 Dat.
600 1434 669 1476 die
701 1434 823 1476 beati
853 1433 1074 1475 Johannis
1109 1433 1316 1489 apostoli.

600 1506 697 1546 Iam
730 1504 932 1560 scripsil)
966 1504 1273 1547 dominacioni
1305 1508 1467 1556 vestre,
1504 1505 1623 1559 quod
1647 1504 1855 1546 dominus
1878 1503 2084 1546 Dalfinus

459 1577 515 1618 de
547 1575 706 1628 Viana,
741 1575 816 1617 diu
850 1578 930 1627 est,
965 1575 1101 1617 habet
1132 1588 1320 1617 uxorem
1352 1575 1493 1616 filiam
1528 1575 1698 1617 domini
1729 1574 1927 1630 Philippi
1961 1574 2084 1629 regis

459 1646 648 1688 Francie
682 1647 885 1688 condam.
948 1647 1062 1688 Item
1097 1647 1216 1700 quod
1249 1646 1457 1688 dominus
1490 1659 1612 1701 papa
1645 1646 1701 1687 ad
1730 1658 1915 1700 presens
1940 1644 2085 1688 noluit

457 1717 609 1759 facere
642 1716 894 1759 cardinales
928 1721 970 1758 et
1005 1730 1091 1772 quo
1125 1717 1258 1759 modo
1292 1716 1527 1772 respondit
1560 1717 1616 1758 ad
1644 1730 1709 1769 ea,
1735 1730 1820 1771 que
1843 1729 1979 1771 super
2000 1717 2086 1757 hoc

462 1802 516 1829 ex
556 1790 686 1843 parte
723 1791 877 1830 vestra
914 1801 995 1842 per
1026 1801 1097 1828 me
1131 1787 1249 1829 dicta
1284 1787 1478 1829 fuerunt.
1544 1786 1767 1839 Creditur,
1803 1788 1922 1842 quod
1956 1787 2085 1829 dimi-

460 1858 571 1901 serit
613 1859 760 1900 facere
802 1858 1054 1900 cardinales
1093 1863 1282 1914 propter
1323 1858 1554 1900 dominum
1588 1872 1739 1913 regem
1773 1858 1974 1910 Francie,
2009 1857 2085 1912 qui

459 1930 644 1971 volebat
688 1929 878 1985 aliquos,
925 1929 1001 1984 qui
1049 1928 1137 1971 sibi
1180 1942 1271 1971 non
1315 1929 1556 1984 placebant
1600 1932 1642 1970 et
1678 1932 1867 1983 propter
1898 1929 2084 1970 inicium

461 1999 698 2052 discordie,
733 2000 852 2055 quod
884 1999 1003 2041 inter
1035 2013 1111 2042 eos
1143 2013 1279 2054 super
1311 2000 1567 2050 interdicto,
1593 2000 1712 2054 quod
1733 1999 1853 2040 idem
1877 1999 2084 2042 dominus

459 2084 540 2112 rex
578 2070 684 2112 fecit
715 2071 761 2112 iu
793 2084 932 2126 regno
967 2084 1047 2113 suo
1082 2071 1134 2112 de
1167 2084 1257 2112 non
1287 2070 1591 2112 abstrahendo
1614 2070 1878 2125 peccuniam
1902 2071 1959 2112 ad
1981 2070 2085 2112 sub-

458 2141 626 2184 sidium
674 2141 844 2183 domini
890 2155 1024 2196 papa,
1073 2141 1250 2183 noviter
1299 2144 1366 2182 est
1415 2147 1620 2182 exortum
1664 2175 1671 2181 .
1720 2175 1727 2181 .
1777 2175 1783 2181 .
1859 2140 1963 2182 Dat.
2015 2140 2084 2182 die

462 2213 761 2253 innocentum.

603 2281 692 2316 CRD
721 2284 784 2325 Ap.
811 2283 866 2316 47.
918 2281 1047 2316 Arnald
1085 2282 1127 2315 de
1154 2281 1294 2316 Cumbis
1331 2281 1451 2315 wurde
1477 2292 1533 2315 am
1561 2281 1614 2316 16.
1642 2281 1842 2315 November
1870 2281 1959 2315 1326
1987 2281 2083 2325 (Regu

453 2340 529 2375 ,339
555 2340 581 2375 f.
607 2339 689 2383 229)
727 2351 770 2374 an
797 2341 851 2374 die
877 2340 984 2374 Kurie
1022 2340 1166 2384 gesandt
1191 2351 1312 2384 wegen
1349 2340 1411 2373 der
1436 2340 1557 2374 Heirat
1587 2341 1647 2374 des
1673 2340 1841 2373 Infanten
1865 2340 1976 2373 Pedro
2015 2340 2085 2373 und

456 2409 581 2443 wegen
619 2399 680 2432 der
706 2399 941 2442 Hospitaliter.
992 2399 1065 2433 Auf
1106 2399 1218 2432 einem
1257 2399 1485 2443 angeklebten
1518 2398 1628 2432 Zettel
1666 2399 1777 2432 findet
1815 2399 1889 2433 sich
1921 2410 1988 2432 von
2025 2399 2086 2432 der

463 2458 565 2492 Hand
582 2457 731 2492 Arnalds
757 2458 798 2491 de
817 2457 958 2493 Cumbis
984 2457 1182 2501 folgendes:
1211 2457 1444 2492 Cancellarius
1471 2458 1599 2491 domini
1618 2457 1735 2491 Karoli
1761 2458 1915 2492 iunioris.
1951 2458 2084 2491 comitis

461 2517 614 2551 Marchie
641 2544 648 2551 .
676 2545 684 2552 .
712 2546 718 2553 .
745 2517 831 2550 dixit
869 2517 986 2555 michi,
1014 2546 1021 2553 .
1050 2545 1056 2550 .
1085 2544 1091 2550 .
1119 2517 1209 2560 quod
1241 2517 1352 2551 dictus
1386 2517 1544 2551 dominus
1570 2516 1718 2551 Karolus
1745 2518 1879 2551 dixerat
1917 2517 1980 2551 sibi
2012 2517 2084 2551 fre-

454 2579 619 2620 quenter.
658 2576 757 2619 quod.
797 2576 825 2609 si
851 2586 912 2609 vos
944 2575 1109 2609 haberitis
1135 2575 1284 2619 aliquam
1317 2576 1436 2610 filiam.
1476 2576 1566 2620 quod
1599 2575 1748 2610 libemer
1774 2586 1850 2609 eam
1876 2576 2019 2610 duceret
2051 2575 2085 2608 in

462 2646 619 2668 uxorem.
669 2635 713 2668 Et
739 2634 829 2678 quod
865 2644 934 2667 non
962 2636 1035 2667 erat
1061 2635 1183 2668 domus
1221 2635 1254 2667 in
1282 2635 1421 2668 mundo.
1461 2635 1501 2668 de
1530 2646 1596 2678 qua
1636 2641 1770 2668 tantum
1798 2634 1902 2668 vellet
1929 2645 2083 2667 uxorem.

460 2694 505 2727 Et
531 2704 592 2737 ego
619 2693 690 2727 dixi
715 2693 789 2728 sibi,
821 2693 911 2736 quod
937 2692 1071 2726 habetis
1097 2704 1201 2726 unam
1227 2694 1398 2727 minorem
1425 2695 1459 2728 et
1484 2704 1557 2737 ipse
1583 2694 1811 2737 interrogavit
1837 2693 2018 2737 diligenter
2042 2693 2084 2726 de

463 2754 552 2786 etate
579 2755 613 2786 et
638 2752 881 2796 pulcritudine.
933 2752 1081 2793 Quidam
1113 2754 1231 2785 tamen
1258 2752 1387 2793 dicunt,
1427 2753 1517 2796 quod
1543 2763 1630 2786 uxor
1667 2752 1774 2796 ipsius
1800 2752 1929 2786 domini
1954 2751 2084 2788 Karoli,

463 2822 528 2854 que
554 2811 620 2844 fuit
645 2810 819 2854 inculpata
843 2816 878 2843 et
903 2811 1072 2845 confessa.
1100 2814 1137 2844 ut
1163 2811 1299 2853 dicitur,
1334 2811 1375 2844 de
1408 2811 1587 2846 adulterio,
1623 2811 1735 2845 adhuc
1762 2810 1858 2845 vivit.
1889 2810 1968 2853 ‚Set
1995 2811 2084 2853 quod

461 2869 533 2902 vita
558 2876 621 2911 est,
648 2870 813 2903 creditur.
841 2868 967 2902 brevis.
1008 2868 1122 2912 Aliqui
1149 2870 1279 2903 dicunt.
1306 2870 1396 2913 quod
1423 2875 1476 2903 est
1500 2875 1645 2903 mortua.
1696 2868 2000 2902 V'ahrscheinlich
2024 2880 2083 2913 ge-

458 2927 541 2960 111111
555 2928 666 2961 dieses
683 2928 789 2962 Stiick
816 2939 857 2960 zu
877 2929 972 2962 einer
992 2928 1034 2961 10
1053 2928 1159 2961 ι1111119
1187 2928 1311 2961 11111191·
1338 2928 1519 2972 liegenden
1539 2928 1703 2971 Legation
1731 2928 1791 2961 des
1810 2929 1849 2961 A.
1871 2928 1912 2960 de
1931 2927 2082 2962 Cumbis.

606 3033 630 3077 1)
656 3033 757 3067 Fehlt
781 3034 857 3070 mir,
