2296 3512
1034 261 1353 300 *636—

384 390 497 433 alias
543 389 800 432 amiserant.
889 389 976 430 Hic
1028 391 1133 430 sunt
1176 388 1329 429 nuncii
1368 400 1415 430 se
1448 388 1767 429 ambaxatores
1800 385 2001 428 omnium

382 460 690 513 Guelforumss)
725 459 914 502 Thuscie
962 460 1006 500 et
1035 458 1309 500 Lombardie
1357 461 1400 499 et
1446 459 1640 512 querunt
1672 456 1925 499 subsidium
1957 458 2001 498 et

383 544 669 573 succurssum
703 543 729 571 a
762 529 942 571 domino
974 532 1131 571 nostro
1164 541 1339 571 summo
1372 528 1595 584 pontifice.
1660 526 1775 570 Sunt
1807 527 1924 569 enim
1955 526 2002 567 in

380 601 577 656 pessimo
644 602 768 643 statu
831 603 874 641 et
938 602 1125 655 sperant
1183 599 1237 641 de
1288 599 1546 655 propinquo
1599 612 1696 641 esse
1747 598 1793 640 in
1841 597 1996 653 peiori.

381 671 631 713 Florentini
674 670 898 726 recipiunt
937 671 1093 712 ducem
1126 669 1382 724 Calabrie4)
1416 669 1462 711 in
1495 669 1726 712 dominum
1759 670 1816 711 ad
1848 669 2000 710 decem

381 755 536 794 annos,
568 741 635 783 ita
667 744 819 783 tamen
853 742 973 796 quod
1003 741 1306 796 personaliter
1336 740 1490 782 veniat
1521 740 1567 781 in
1601 740 1819 782 auxilium
1844 752 1999 781 eorum

381 816 424 854 et
469 814 681 854 tenentur
728 812 816 854 sibi
862 813 971 854 dare
1019 812 1212 853 ducenta
1255 811 1382 852 milia
1428 810 1703 852 florenorum
1749 823 1832 866 pro
1876 809 1999 852 mille

379 882 606 937 equitibus
641 882 998 924 citramontanis.
1062 882 1253 933 Dicitur,
1288 882 1406 936 quod
1441 881 1649 924 dominus
1677 883 1832 923 noster
1855 883 1898 922 et
1919 894 2000 922 rex

377 953 603 995 Robertus
641 952 834 995 multum
867 953 1033 994 vellent
1063 955 1272 1008 treugam
1305 952 1475 994 domini
1506 951 1734 993 Frederici
1767 954 1810 993 et
1840 952 1887 993 in
1917 950 2000 993 tali

378 1026 501 1065 statu
543 1026 648 1065 sunt
690 1023 841 1065 devoti
885 1037 1039 1066 eorum
1073 1024 1126 1065 de
1158 1022 1329 1074 Ytalia‚
1373 1023 1493 1077 quod
1524 1023 1637 1064 bene
1670 1022 1901 1077 expediret
1936 1022 1998 1064 eis

377 1094 544 1135 habere
589 1107 700 1136 eam.
794 1094 854 1135 Et
901 1095 1012 1135 bene
1061 1094 1193 1135 credo
1227 1093 1384 1145 etiam,
1433 1093 1574 1148 quod,
1621 1092 1658 1134 si
1700 1092 1799 1134 fieri
1829 1094 1997 1147 posset,

376 1164 546 1207 faceret
597 1179 681 1220 pro
734 1165 853 1206 dicto
906 1178 1011 1219 rege
1054 1164 1292 1206 Frederico
1338 1164 1472 1219 paxa)
1517 1162 1589 1205 vel
1636 1163 1789 1205 saltim
1836 1165 1998 1217 treuga

375 1235 567 1290 triginta
615 1248 855 1287 annorum,
902 1235 1008 1290 quia
1056 1238 1173 1277 esset
1219 1248 1308 1276 una
1350 1237 1610 1289 competens
1651 1247 1757 1289 pax.
1820 1233 1998 1288 Treuga

377 1309 527 1347 autem
573 1306 722 1348 brevis
754 1320 843 1348 non
877 1305 1055 1347 videtur
1085 1304 1236 1357 michi,
1271 1306 1390 1360 quod
1422 1304 1561 1346 faciat
1588 1317 1672 1360 pro
1697 1317 1761 1356 eo,
1797 1304 1997 1345 conside-

374 1377 518 1418 rando
562 1377 826 1432 periculum,
872 1376 917 1417 in
951 1389 1039 1431 quo
1073 1375 1284 1427 creditur,
1327 1376 1447 1431 quod
1481 1375 1627 1417 dictus
1660 1389 1739 1416 rex
1771 1375 1997 1417 Robertus

375 1450 443 1489 est
475 1450 662 1502 propter
694 1447 863 1488 malum
897 1450 1069 1489 statum
1100 1446 1247 1502 partis
1277 1445 1436 1488 Guelfe
1470 1447 1523 1488 de
1545 1445 1702 1488 Ytalia
1735 1449 1777 1487 et
1809 1448 1998 1501 propter

377 1518 619 1559 adventum
664 1517 901 1571 Bauari‚5)
948 1517 1025 1573 qui
1067 1520 1332 1572 expectatur
1372 1517 1417 1558 in
1458 1517 1668 1572 proxima
1711 1517 1996 1572 primavera3

375 1592 417 1629 et
451 1588 668 1641 creditur,
703 1589 823 1643 quod
855 1589 1023 1630 directe
1057 1588 1226 1644 dirigat
1253 1601 1438 1643 gressus
1473 1601 1578 1630 suos
1613 1601 1769 1630 versus
1801 1588 1994 1629 Romam

375 1661 418 1700 et
465 1672 546 1714 per
591 1672 869 1714 consequens
915 1659 1173 1701 immediate
1220 1662 1378 1701 contra
1414 1673 1617 1714 regnum.
1684 1658 1841 1701 Gratie
1872 1657 1996 1712 regie

371 1743 442 1771 me
474 1731 753 1772 recomendo.
818 1730 921 1772 Dat.
957 1730 1027 1772 die
1059 1730 1202 1772 XVII.
1227 1730 1394 1772 mensis
1428 1730 1620 1785 predicti
1652 1728 1873 1771 Januarii.

513 1799 602 1834 CRD
630 1800 761 1834 10410.
812 1799 869 1834 or.
896 1800 978 1844 Pap.
1006 1799 1080 1843 Ssp.

370 1930 468 1971 404.
504 1931 771 1983 (Ferrarius
804 1930 859 1973 (le
890 1930 1067 1985 Apilia)
1109 1943 1167 1973 an
1207 1929 1364 1985 Konig
1396 1932 1557 1986 Jayme
1587 1932 1675 1973 IL:
1716 1931 1993 1982 Riistungen

370 1999 454 2042 der
476 1999 715 2044 Genuesen
738 2013 887 2055 gegen
908 2002 991 2043 ihn
999 2015 1011 2052 3
1035 2013 1197 2055 grosse
1214 2002 1489 2056 Riistungen
1505 2002 1721 2055 Roberts,
1745 2000 1993 2054 aligeblich

370 2082 518 2124 gegen
551 2071 832 2126 (lasti-nocio,
878 2072 992 2115 oder
1035 2073 1152 2115 auch
1197 2084 1346 2126 gegen
1378 2073 1624 2115 Friedrich
1656 2083 1744 2115 von
1777 2070 1990 2122 Sicilien3

368 2141 588 2184 letzteres
631 2143 765 2185 nicht
808 2144 894 2196 gut
937 2143 1201 2196 glaublich‚
1246 2143 1304 2185 da
1334 2144 1513 2186 Robert
1550 2143 1625 2185 die
1657 2142 1872 2184 Ankunft
1911 2141 1991 2184 des

427 2213 609 2267 Bayern
640 2213 869 2255 fiirehtet.
931 2213 1233 2267 Ehedispens.
1296 2213 1533 2269 (Avignon
1568 2213 1704 2269 1326)
1737 2215 1860 2256 M'arz
1888 2212 1930 2255 3.

512 2294 708 2328 Januenses
739 2294 922 2329 interiores
953 2298 988 2329 et
1013 2296 1205 2330 exteriores
1230 2298 1362 2338 riisten‚
1393 2295 1459 2330 wie
1488 2295 1622 2329 amicus
1647 2296 1736 2337 hort,
1767 2305 1875 2339 gegen
1902 2295 1990 2328 Ara-

366 2352 501 2396 gonien.
552 2352 608 2387 Sie
633 2352 757 2387 wellen
782 2354 871 2388 auch
889 2354 957 2388 den
973 2355 1104 2389 amicus
1122 2354 1367 2390 heranziehen.
1409 2354 1517 2398 Krieg
1533 2355 1605 2388 und
1621 2354 1738 2388 Besitz
1755 2353 1790 2387 in
1809 2352 1991 2388 Sardinien

368 2410 462 2444 seien
486 2410 657 2454 verloren,
683 2411 762 2446 weil
788 2412 837 2446 sie
862 2413 960 2447 nicht
983 2414 1168 2457 geniigend
1185 2413 1387 2458 gehandelt:
1414 2424 1508 2447 nunc
1526 2412 1681 2448 Catalani
1707 2412 1794 2446 bene
1819 2412 1991 2446 sentirent

365 2479 489 2504 manus
505 2469 744 2507 Januensium.
786 2471 929 2506 Amicus
955 2471 1154 2516 empfiehlt:
1180 2472 1364 2516 providere
1390 2472 1432 2506 de
1459 2482 1527 2505 una
1551 2482 1669 2515 grossa
1693 2473 1836 2506 armata.
1877 2470 1990 2513 Konig

366 2527 499 2563 Robert
524 2530 637 2563 riistet
660 2529 697 2563 in
723 2530 844 2564 Genua
870 2530 916 2565 30
940 2532 1013 2565 und
1041 2530 1083 2565 12
1110 2530 1281 2568 Galeeren
1306 2531 1366 2565 fiir
1390 2531 1465 2565 sein
1492 2531 1588 2574 Geld.
1620 2531 1681 2564 das
1706 2531 1778 2564 ihm
1803 2529 1858 2563 die
1883 2528 1988 2563 Bardi

367 2596 413 2621 an
439 2587 500 2620 der
525 2587 633 2621 Kurie
658 2588 896 2624 verschaffen.
945 2589 1102 2623 VVeitere
1130 2591 1173 2624 15
1199 2592 1321 2624 riisten
1347 2590 1401 2624 die
1428 2590 1623 2625 Gennesen.

435 2645 489 2672 403
507 2648 536 2689 a)
562 2656 630 2689 pax
655 2647 700 2681 ist
725 2647 878 2691 Subjekt.

436 2739 489 2766 403
507 2738 534 2783 3)
559 2740 624 2774 Die
650 2741 888 2776 verzweifelte
912 2742 1005 2786 Lage
1030 2743 1092 2776 der
1117 2743 1380 2787 Guelfenpartei
1412 2755 1456 2777 zu
1480 2744 1577 2778 Ende
1606 2743 1695 2778 1325
1722 2742 1813 2786 zeigt
1837 2741 1987 2776 Chroust

365 2797 398 2834 S.
426 2799 471 2832 54
495 2798 523 2832 f.
573 2799 637 2833 Die
674 2800 893 2834 Florentiner
930 2801 1200 2836 Gesaudtschaft
1236 2803 1306 2836 trat
1342 2803 1432 2836 nach
1457 2802 1656 2846 Mitteilung
1685 2812 1753 2836 von
1784 2799 1986 2835 Davidsohn

365 2856 419 2891 die
445 2856 548 2890 Reise
574 2868 619 2891 an
644 2858 699 2891 die
724 2859 832 2893 Kurie
859 2870 915 2893 am
938 2859 994 2894 23.
1022 2860 1222 2894 November
1249 2861 1338 2896 1325
1365 2872 1420 2896 an.

506 2915 534 2959 4)
559 2915 632 2949 Seit
658 2916 748 2951 1325
774 2917 969 2952 Dezember
993 2918 1049 2954 23.

504 2974 532 3018 ⁵)
557 2974 628 3009 Das
665 2977 740 3020 sagt
776 2976 956 3011 Ferrarius
999 2978 1088 3011 auch
1126 2978 1161 3011 in
1195 2978 1308 3013 einem
1341 2979 1473 3012 andern
1498 2978 1619 3012 Briefe
1651 2989 1713 3012 aus
1740 2977 1818 3010 dem
1843 2976 1986 3020 Antang

363 3032 423 3066 des
448 3033 584 3068 Jahres.
