2296 3512
903 250 1214 291 —873—

251 385 294 424 et
316 380 470 423 utilem
494 383 798 435 expectamus,
822 391 922 420 cum
945 377 1135 420 dilectus
1157 377 1357 433 phisicus
1381 381 1425 419 et
1446 376 1689 419 familiaris
1711 378 1868 417 noster

249 451 467 507 magister
497 450 842 505 Ermengaudus
883 448 1072 503 Blasiia)
1107 449 1256 503 quoad
1297 461 1483 503 presens
1527 447 1638 490 dicit
1670 460 1716 490 se
1748 445 1869 488 nolle

251 523 418 577 absque
440 521 568 563 vobis
600 520 843 576 procedere
876 519 932 560 ad
966 532 1032 571 ea,
1067 532 1152 573 que
1176 518 1460 561 condiciones
1494 521 1537 560 et
1568 518 1727 560 modos
1751 516 1869 558 dicte

252 606 354 635 cure
398 595 442 633 et
488 590 850 633 conservacionis
897 592 1052 631 nostre
1109 588 1270 632 salutis
1317 592 1509 644 possunt
1555 588 1779 644 respicere
1827 588 1871 628 et

251 676 449 706 servare:
483 664 723 717 propterea
762 660 1102 716 providenciam
1135 662 1336 702 vestram
1378 674 1430 701 ex
1464 661 1599 701 corde
1631 670 1871 714 precamur

251 736 294 776 et
325 733 549 789 precando
583 732 868 786 requirimus,
903 735 1140 786 quatenus,
1165 731 1222 772 ad
1245 744 1330 785 que
1353 730 1645 785 prediximus,
1670 732 1870 771 vestrum

251 817 315 856 ea,
344 817 432 858 qua
449 803 671 855 convenit,
696 801 1060 844 consideracione
1082 801 1290 843 habendo
1313 804 1568 855 respectum
1591 799 1870 856 presentiam
1939 790 1947 795 ’

250 877 451 916 nostram
485 873 634 916 velitis
668 876 881 929 appetere
905 874 960 914 ad
995 885 1168 926 nosque
1190 871 1402 913 continuo
1435 871 1545 914 visis
1568 870 1870 926 presentibus,

251 944 351 987 aliis
397 943 666 1000 postpositis
704 943 917 999 negociis,
964 942 1206 985 cuiuslibet
1248 955 1374 984 more
1418 941 1585 984 reiecto
1636 940 1871 996 dispendio

249 1015 550 1071 personaliter
580 1015 786 1057 veniatis.
850 1014 949 1055 Hoc
982 1016 1133 1055 autem
1168 1026 1256 1054 non
1280 1012 1465 1054 mutetis
1488 1025 1630 1066 neque
1654 1011 1872 1065 aliquate-

249 1099 333 1129 nus
356 1086 589 1138 differatis,
623 1084 757 1128 sicuti
780 1085 896 1127 votis
919 1084 1102 1135 nostris,
1136 1083 1252 1126 sicut
1279 1086 1464 1125 actenus
1496 1083 1609 1124 bene
1631 1080 1872 1124 satisfecis-

250 1157 322 1209 tis,
356 1156 624 1199 desideratis
663 1156 775 1199 satis
807 1155 956 1197 facere
990 1158 1033 1197 et
1072 1154 1202 1196 nobis
1234 1153 1428 1209 placere,
1471 1156 1515 1195 et
1548 1166 1597 1195 eo
1630 1151 1872 1208 presertim

250 1231 449 1269 vestrum
482 1227 690 1283 protinus
728 1226 971 1269 maturetis
1010 1239 1255 1277 accessum,
1299 1225 1405 1280 quia
1443 1237 1573 1266 mora
1604 1222 1870 1279 periculum,

250 1299 367 1354 quod
400 1298 522 1341 Deus
556 1301 746 1350 avertat,
780 1299 833 1340 de
866 1297 989 1339 facili
1022 1296 1183 1339 afferre
1211 1301 1378 1351 posset.
1451 1296 1554 1338 Dat.
1588 1293 1871 1336 Barchinone

249 1369 369 1412 VIII.
402 1370 503 1412 idus
535 1369 708 1425 Aprilis
742 1382 859 1411 anno
890 1368 1109 1424 predicto
1177 1365 1356 1422 [MCCC
1389 1366 1579 1421 quinto]

389 1451 472 1496 Reg.
496 1451 565 1486 235
590 1452 616 1486 f.
641 1450 721 1487 206.
758 1452 884 1494 Jayme
909 1450 1048 1484 machte
1074 1449 1204 1484 damals
1230 1449 1307 1483 eine
1334 1449 1490 1483 schwere
1507 1448 1736 1491 Erkrankung
1752 1445 1873 1480 durch.

250 1503 346 1545 Uber
369 1510 632 1555 Ermengaudus
656 1509 762 1545 Blasii
787 1509 855 1554 vgl.
881 1512 1001 1543 unten.
1063 1509 1202 1543 Vorher
1239 1519 1311 1542 war
1342 1507 1473 1542 Arnald
1510 1518 1555 1541 an
1593 1507 1654 1541 der
1692 1505 1800 1540 Kurie
1839 1505 1874 1538 in

248 1568 398 1614 Perugia
422 1570 492 1603 und
517 1580 589 1603 war
614 1570 691 1603 dort
716 1569 827 1613 einige
848 1569 922 1603 Zeit
940 1568 975 1602 in
993 1568 1301 1612 Gesangensohaft.
1341 1566 1417 1611 Vgl.
1436 1567 1556 1609 Finke,
1582 1568 1655 1601 Aus
1674 1566 1741 1599 den
1758 1564 1874 1608 Tagen

248 1628 395 1662 Boniiaz
412 1628 511 1663 VIII.
531 1629 563 1663 S.
582 1628 663 1664 225.
714 1622 811 1663 Uber
828 1628 923 1663 seine
942 1627 1134 1672 Befreiung
1157 1626 1313 1661 schreibt
1330 1625 1635 1661 Kardinalbischof
1664 1625 1789 1659 Petrus
1806 1633 1875 1656 von

249 1687 376 1722 Sabina
402 1698 446 1722 an
472 1688 538 1722 den
564 1687 679 1733 Konig
703 1698 759 1722 am
786 1686 817 1724 6.
843 1687 994 1722 Oktober
1022 1686 1127 1722 1304:
1155 1686 1255 1722 Circa
1279 1685 1417 1730 negotia
1441 1696 1524 1719 vero
1550 1683 1705 1728 magistri
1732 1681 1874 1717 Arnaldi

250 1747 292 1780 de
318 1746 499 1781 Villanova
524 1747 690 1781 noveritis
723 1757 786 1781 nos
812 1747 909 1780 iuxta
933 1756 1034 1790 posse
1074 1745 1272 1780 adhibuisse
1298 1745 1516 1789 suffragium.
1578 1744 1623 1778 Et
1647 1742 1789 1777 tandem
1814 1751 1875 1774 ex-

249 1806 319 1840 titit
355 1806 539 1840 salubiiter
576 1806 769 1850 expeditus.
823 1807 972 1840 Demum
1004 1807 1082 1849 post
1120 1805 1377 1849 expeditionem
1404 1814 1502 1838 suam
1528 1802 1687 1837 discessit
1711 1802 1753 1835 de
1780 1800 1878 1834 curia

251 1868 285 1899 et
309 1866 528 1909 postmodum
554 1865 750 1899 audivimus
776 1865 889 1909 ipsum
914 1865 951 1898 in
969 1864 1121 1899 Siciliam
1139 1863 1351 1898 transivisse.
1390 1863 1468 1897 Dat.
1488 1862 1624 1897 Perusii
1641 1861 1751 1905 pridie
1768 1869 1877 1893 nonas

251 1923 420 1959 Octobris.
458 1924 549 1960 CRD
567 1924 723 1968 Separat.
759 1945 799 1949 -
834 1925 917 1969 Reg.
937 1925 1005 1959 335
1024 1924 1050 1958 f.
1070 1923 1154 1958 312:
1182 1923 1271 1957 Zwei
1291 1922 1412 1956 Briefe
1437 1933 1481 1956 an
1508 1920 1636 1956 Arnald
1660 1920 1731 1955 und
1747 1919 1876 1953 Matteo

251 1983 358 2017 Rosso
376 1983 462 2017 iiber
487 1984 542 2018 die
560 1984 860 2028 Gesangenschait
885 1984 945 2018 des
972 1985 1140 2018 ersteren.
1182 1982 1272 2017 1304
1291 1984 1425 2026 August
1442 1981 1498 2016 23.
1541 1979 1708 2015 Similiter
1732 1979 1878 2012 fuerunt

251 2042 356 2077 misse
384 2042 619 2086 infrascriptis
644 2042 891 2077 cardinalibus:
922 2041 1105 2085 Landulfo,
1133 2042 1238 2076 Petro
1257 2041 1416 2085 episcopo
1435 2039 1626 2081 Sabinensi,
1646 2037 1831 2082 Napolioni
1850 2048 1876 2071 s.

251 2101 392 2135 Adriani
419 2101 560 2135 diacono
589 2101 766 2137 cardinali.

254 2222 350 2262 551.
373 2220 402 2263 J
406 2221 609 2262 ohannes
631 2220 879 2274 Burgundi
901 2233 959 2263 an
980 2221 1010 2264 J
1013 2232 1142 2276 ayme
1159 2221 1247 2263 IL:
1271 2219 1606 2274 Besprechung
1622 2217 1705 2259 der
1721 2216 1877 2258 Reise-

251 2290 389 2345 plane
420 2289 645 2332 Clemens’
678 2291 731 2333 V.
775 2291 869 2333 und
906 2293 1023 2334 iiber
1055 2290 1142 2333 den
1175 2289 1429 2344 Zeitpunkt
1461 2290 1617 2331 seiner
1649 2286 1879 2340 Kriinung

289 2362 377 2403 mit
406 2360 583 2403 Arnald
616 2373 704 2404 von
736 2362 996 2405 villanova.
1057 2362 1291 2404 Toulouse
1323 2360 1437 2402 1305
1471 2358 1744 2414 September
1776 2357 1846 2400 14.

395 2489 404 2497 .
439 2488 447 2496 .
482 2488 490 2496 .
525 2455 637 2497 Heri
670 2489 678 2496 .
714 2489 722 2497 .
758 2489 766 2497 .
801 2455 975 2508 Tolose,
1007 2456 1228 2511 magister
1254 2454 1525 2510 A[rnaldus]
1562 2454 1615 2496 de
1638 2453 1879 2495 Villanova

252 2526 440 2568 intravit
478 2526 688 2568 Tolosam
721 2559 729 2567 .
766 2560 773 2567 .
809 2560 817 2567 .
853 2539 938 2581 que
977 2526 1166 2568 dicenda
1196 2526 1390 2579 fuerant,
1431 2525 1537 2567 dixi.
1589 2525 1693 2580 Ipse
1726 2526 1878 2565 autem

254 2597 380 2649 dixit,
419 2597 552 2652 quod,
594 2610 694 2638 cum
732 2596 830 2652 ipse
868 2596 1023 2639 debuit
1060 2598 1268 2639 recedere
1310 2610 1338 2639 a
1374 2610 1509 2652 papa,
1542 2595 1632 2651 qui,
1666 2599 1716 2637 ut
1749 2594 1871 2646 dicit,

252 2668 394 2710 mittit
425 2681 539 2719 eum,
573 2680 693 2723 papa
725 2667 839 2709 dixit
872 2667 924 2720 ei,
958 2668 1091 2721 quod,
1125 2668 1242 2710 sicut
1273 2667 1371 2723 ipse
1393 2667 1580 2719 sciebat,
1612 2666 1731 2708 idem
1753 2678 1876 2721 papa

252 2741 535 2781 remanserat
565 2738 611 2780 in
642 2737 686 2779 H
711 2772 718 2779 .
745 2772 752 2779 .
778 2771 786 2779 .
815 2752 916 2780 cum
939 2737 1114 2780 nunciis
1136 2739 1316 2791 vestris,
1341 2739 1460 2793 quod
1485 2737 1631 2780 dictus
1654 2736 1876 2791 magister

253 2809 483 2852 Arnaldus
514 2809 642 2852 vobis
681 2808 971 2864 significaret,
1011 2822 1111 2851 cum
1146 2812 1264 2851 esset
1295 2809 1468 2860 Tolose,
1509 2808 1689 2862 quando
1730 2807 1876 2848 inten-

254 2880 390 2922 debat
422 2893 518 2922 esse
551 2879 758 2923 dominus
780 2893 901 2935 papa
926 2879 971 2921 in
995 2880 1405 2935 Montepessulano.
1458 2880 1516 2921 Et
1538 2882 1659 2931 tunc,
1686 2881 1736 2920 ut
1763 2876 1878 2919 dixit

254 2951 400 2993 dictus
426 2950 646 3007 magister
663 2949 908 3001 Arnaldus,
936 2950 1210 3005 computatis
1231 2951 1351 2992 inter
1373 2963 1420 2992 se
1449 2949 1581 2992 dietis
1603 2962 1725 3005 papa
1748 2946 1877 2997 dixit,

323 3032 377 3059 550
395 3034 424 3077 a)
450 3032 580 3067 Blasini
610 3032 691 3076 Reg.
