2296 3512
886 279 1204 318 —675—

235 407 479 450 derandam
496 405 679 448 dimisit.
705 404 793 457 Qui
808 405 990 460 sapiens
1006 405 1196 447 antistes
1211 419 1292 460 per
1310 407 1498 448 eundem
1513 405 1704 447 fratrem
1712 405 1853 448 Uber-

233 479 377 520 tinum
394 476 677 531 infrascripti
700 475 869 517 tenoris
885 475 966 517 sub
985 474 1110 516 bulla
1131 488 1214 517 sua
1234 476 1364 518 nobis
1389 476 1567 519 litteras
1585 476 1849 518 destinavit:

372 547 601 589 ›Johannes
647 546 884 601 episcopus
931 558 1088 587 servus
1135 559 1369 588 servorum
1421 546 1504 588 Dei
1549 546 1712 589 dilecto
1759 546 1853 589 filio

232 616 508 673 Neapoleoni
540 630 573 659 s.
635 616 827 658 Adriani
860 616 1050 658 diacono
1083 616 1304 657 cardinali
1335 617 1528 658 salutem
1562 620 1605 659 et
1638 617 1854 673 apostoli-

233 702 331 730 cam
365 687 733 730 benedictionem.
797 687 996 728 Litteras
1034 699 1116 742 per
1155 687 1439 728 carissimum
1471 687 1614 729 filium
1646 690 1853 730 nostrum

230 759 451 801 «Iacobum
494 771 647 813 regem
693 759 960 812 Aragonum
1007 756 1233 799 illustrem
1277 757 1521 799 novissime
1563 757 1648 799 tibi
1687 758 1852 800 missas

231 829 425 871 vidimus
458 831 501 870 et
534 832 745 870 contenta
776 828 822 869 in
854 827 945 870 illis
977 827 1282 869 intelleximus
1308 827 1561 882 diligenter,
1589 842 1724 883 super
1756 829 1853 884 qui-

230 901 313 942 bus
355 899 602 941 venerabili
643 899 777 940 fratri
817 901 974 940 nostro
1015 898 1214 940 Johanni
1256 898 1597 953 archiepiscopo
1636 899 1852 941 Toletano

230 971 399 1026 pluries
444 969 709 1025 scripsimus
758 972 801 1011 et
847 968 1091 1011 novissime
1135 959 1374 1011 scribimus
1417 969 1504 1011 sibi
1544 971 1588 1010 et
1627 969 1727 1011 aliis
1768 983 1852 1025 pro

229 1041 466 1097 prelibatis
513 1040 696 1083 illorum
744 1040 943 1096 partium
988 1043 1194 1082 nostram
1248 1039 1505 1095 expressius
1561 1040 1850 1082 voluntatem.

228 1111 446 1154 Finaliter
494 1114 644 1153 autem
686 1111 864 1153 xidetur
910 1111 996 1153 hoc
1042 1111 1174 1153 nobis
1221 1110 1461 1165 expediens
1503 1113 1639 1165 atque
1678 1111 1852 1163 decens,

230 1183 350 1238 quod
393 1182 761 1238 archiepiscopus
792 1181 1026 1237 predictus
1059 1195 1196 1237 super
1229 1181 1364 1223 dubio
1398 1183 1608 1223 contento
1641 1181 1687 1222 in
1721 1181 1854 1223 dictis

229 1253 368 1308 regiis
412 1253 578 1295 litteris
620 1253 893 1295 venerabilis
935 1251 1093 1294 fratris
1134 1252 1281 1294 nostri
1323 1250 1375 1293 G.
1423 1250 1685 1294 Sabinensis
1737 1251 1853 1307 epis-

229 1324 330 1379 copi
359 1323 501 1379 legati
532 1323 714 1366 illarum
747 1323 962 1379 partium,
998 1322 1075 1378 qui
1107 1323 1284 1377 negocii
1315 1322 1438 1365 illius
1479 1322 1854 1365 circumstancias

227 1394 358 1450 plene
389 1395 515 1437 novit
548 1395 713 1450 quique
747 1394 1139 1449 archiepiscopum
1171 1393 1320 1448 ipsum
1354 1393 1527 1436 sincere
1560 1392 1722 1448 diligit,
1751 1406 1853 1435 con-

229 1465 329 1507 silio
383 1465 655 1520 acquiescat,
710 1465 781 1506 cui
820 1464 1026 1520 profecto
1077 1476 1160 1506 nos
1207 1467 1405 1506 mentem
1458 1466 1663 1506 nostram
1717 1476 1855 1519 super

226 1535 413 1591 negocio
454 1536 554 1591 ipso
597 1539 752 1591 aperte
784 1535 1026 1591 pandimus
1067 1534 1352 1577 comittentes
1386 1547 1522 1590 super
1555 1547 1605 1576 eo
1639 1534 1727 1577 sibi
1757 1534 1853 1589 ple-

227 1606 359 1648 narie
391 1607 512 1648 vices
545 1610 739 1649 nostras.
804 1606 907 1648 Dat.
943 1605 1168 1648 Aninione
1202 1608 1283 1647 etc.

372 1677 427 1719 Ut
467 1677 609 1732 igitur
642 1677 848 1719 attendat
881 1676 1112 1732 sapiencia
1143 1676 1271 1732 regia
1303 1689 1385 1718 nos
1419 1688 1508 1718 non
1539 1675 1773 1717 intendere
1804 1675 1851 1716 in

229 1747 380 1803 aliquo
421 1749 608 1803 negocio
651 1750 799 1791 vestro
840 1747 1039 1803 segniter
1072 1761 1220 1803 agere,
1255 1746 1522 1802 scripsimus
1553 1746 1697 1798 vobis,
1732 1746 1852 1801 quod

226 1818 396 1861 factum
430 1822 498 1862 est
531 1819 699 1861 seriose
730 1822 773 1861 et
795 1819 1026 1875 sapiencia
1058 1818 1185 1873 regia
1218 1818 1315 1860 viso
1351 1817 1600 1873 apostolico
1633 1829 1852 1872 responso

229 1890 340 1932 satis
374 1893 528 1945 aperte
567 1893 717 1945 potest
748 1890 891 1945 ipsius
925 1902 1195 1945 cognoscere
1227 1889 1522 1931 voluntatem.
1586 1887 1852 1930 Altissimus

229 1960 517 2002 serenitatem
549 1964 749 2003 vestram
783 1961 951 2016 dirigat
985 1963 1029 2002 et
1061 1960 1137 2002 diu
1172 1963 1215 2002 et
1246 1960 1357 2002 bene
1381 1962 1617 2002 conservet
1639 1959 1697 2000 ad
1719 1971 1851 2001 suum

227 2031 456 2073 honorem.
489 2032 547 2073 Et
570 2031 719 2087 siquid
741 2045 823 2087 per
844 2044 927 2074 nos
952 2031 1129 2073 videtur
1155 2030 1425 2083 faciendum,
1449 2029 1674 2086 significet
1695 2041 1851 2071 secure

229 2101 344 2143 sicut
385 2102 527 2144 amico
569 2103 730 2145 intimo
769 2103 827 2144 ad
865 2102 1017 2144 omnia
1048 2102 1095 2144 in
1128 2101 1310 2144 domino
1342 2103 1602 2157 preparato.
1667 2100 1771 2141 Dat.
1803 2100 1850 2141 in

229 2175 378 2215 castro
410 2176 567 2216 nostro
601 2175 653 2215 de
684 2173 902 2229 Bagnolis
934 2173 1084 2216 idibus
1116 2173 1240 2215 Julii.

367 2243 452 2286 Reg.
479 2242 547 2277 246
573 2243 599 2279 f.
626 2242 706 2278 232.
756 2243 802 2277 Es
832 2254 929 2277 muss
955 2243 1015 2277 das
1039 2243 1126 2277 Jahr
1153 2242 1243 2277 1324
1269 2242 1360 2285 sein3
1398 2241 1529 2276 damals
1554 2251 1626 2275 war
1657 2241 1719 2275 der
1743 2240 1852 2285 Legat

227 2301 262 2334 in
289 2301 450 2345 Spanien.
500 2301 598 2335 Etwa
624 2301 713 2337 1325
739 2301 785 2337 ist
808 2301 990 2337 Ubertimo
1016 2312 1085 2336 von
1110 2302 1172 2335 der
1196 2301 1306 2335 Kurie
1332 2300 1618 2335 verschwunden.

226 2399 325 2438 427.
358 2398 445 2438 Die
477 2397 709 2451 Kapitane
749 2397 832 2439 der
870 2398 1167 2440 kirchlichen
1206 2397 1363 2439 Partei
1405 2396 1499 2438 und
1540 2396 1616 2438 die
1648 2393 1850 2438 Guelfen

226 2479 314 2510 von
346 2467 551 2520 Perugia
583 2480 640 2509 an
661 2468 896 2511 Johannes
918 2468 1099 2510 XXII.:
1132 2467 1546 2520 Entschuldjgung
1578 2477 1737 2519 wegen
1769 2465 1849 2507 des

225 2538 857 2592 Empfehlungsschreibens‚
890 2538 970 2580 (las
1003 2539 1072 2581 sie
1102 2540 1214 2581 zwei
1245 2538 1498 2580 Minoriten
1529 2537 1847 2591 mitgegeben3

226 2610 295 2651 sie
315 2610 517 2650 wussten
537 2609 683 2661 nicht,
717 2608 821 2650 dass
844 2608 970 2651 diese
992 2610 1251 2662 zugunsten
1274 2609 1353 2651 des
1375 2607 1848 2660 Minoritengenerals

225 2679 408 2732 hainen,
440 2679 524 2721 der
554 2678 736 2732 infolge
767 2680 922 2721 Seiner
938 2679 1242 2733 Verbindung
1263 2680 1352 2721 mit
1373 2679 1478 2721 dem
1499 2679 1681 2733 Bayern
1703 2678 1849 2731 Papst

226 2763 281 2792 zu
318 2750 502 2793 werden
549 2749 697 2792 hoffte
741 2749 836 2791 und
881 2750 957 2791 die
994 2750 1321 2793 Abwesenheit
1365 2750 1445 2792 (les
1487 2747 1712 2791 Generals
1758 2748 1848 2790 mit

226 2822 457 2864 schwerer
482 2820 748 2863 Krankheit
777 2820 1113 2874 begriindeten‚
1145 2832 1252 2874 was,
1284 2822 1370 2863 wie
1402 2822 1470 2862 sie
1502 2820 1683 2872 wissen‚
1715 2819 1848 2861 nicht

524 2892 652 2933 wahr
683 2891 762 2933 ist.
822 2891 1028 2944 Perugia
1060 2891 1221 2947 (1328)
1253 2892 1437 2944 August
1468 2890 1539 2932 28.

368 2973 664 3017 sanctissimo
687 2973 732 3014 in
756 2971 937 3015 Christo
960 2972 1082 3027 patri
1109 2977 1152 3014 et
1184 2974 1378 3025 domino,
1403 2972 1582 3015 domino
1609 2970 1842 3026 J[ohanni]

226 3044 310 3086 Dei
341 3045 492 3100 gratia
523 3048 812 3087 sacrosancte
839 3043 1038 3085 Romane
1062 3056 1114 3085 ac
1136 3043 1405 3087 universalis
1433 3042 1642 3085 ecclessie
1668 3054 1843 3085 summo

1633 3123 1697 3157 43*
