2296 3512
1051 256 1368 297 —654-

402 383 590 424 ecclesia
634 383 853 424 intentum
900 385 1100 425 vestrum
1148 383 1277 438 plene
1329 383 1579 426 habueritis
1632 384 1687 425 ab
1738 384 1862 439 ipsis.
1947 385 2018 426 Me

401 453 657 495 sanctitatis
704 456 854 495 vestre
900 453 1090 508 pedibus
1137 454 1370 496 humiliter
1416 455 1743 496 recommendo.
1818 455 1921 496 Dat.
1969 454 2018 496 in

400 523 614 565 Marcabo
649 523 719 565 die
750 523 890 565 XXV.
926 522 1217 579 Septembris.

541 604 631 639 CRD
657 605 760 641 4124.

398 747 497 788 413.
550 746 791 801 Raymund
831 748 1031 790 Athonis
1075 748 1130 789 de
1172 748 1360 802 Aspello
1409 761 1465 789 an
1508 747 1737 789 Kardinal
1776 748 2018 802 Raymund

400 816 456 858 (16
500 815 609 859 Got:
659 816 971 871 Schilderung
1020 819 1103 860 (161·
1146 819 1443 871 Belagerung
1488 817 1582 859 und
1625 818 1883 860 Einnahme
1929 830 2018 860 von

399 887 649 937 Marcam0;
683 889 875 930 Verlust
905 901 993 931 von
1028 889 1209 930 150000
1235 887 1416 931 Gulden
1436 888 1587 930 Rente
1609 888 1692 930 der
1714 889 2016 939 Venezianer3

399 956 654 1000 feindliche
677 957 943 1011 Stimmung
957 971 1105 1012 gegen
1125 961 1208 1001 sie.
1241 960 1470 1001 Mal-camo
1488 958 1640 1013 (1325)
1658 957 1929 1012 September
1946 959 2016 1001 25.

539 1053 800 1095 Reverendo
847 1053 893 1094 in
942 1051 1121 1094 Christo
1169 1053 1292 1108 patri
1351 1087 1359 1093 .
1397 1087 1404 1093 .
1441 1087 1448 1094 .
1512 1052 1778 1107 Raymundo
1813 1054 1866 1094 de
1899 1051 2016 1095 Goto

398 1122 482 1164 Dei
515 1123 669 1177 gracia
702 1126 853 1165 sancte
894 1124 1035 1165 Marie
1075 1137 1187 1165 nove
1226 1123 1414 1165 diacono
1458 1123 1678 1165 cardinali
1725 1123 2018 1178 Raymundus

398 1193 593 1236 Athonis
639 1195 691 1235 de
735 1193 921 1248 Aspello
966 1194 1196 1248 provincie
1228 1194 1506 1245 Romaniole,
1556 1194 1754 1235 civitatis
1802 1194 2016 1246 Bononie,

400 1264 642 1306 comitatus
689 1264 994 1317 ssrectinorij³)
1039 1267 1082 1306 et
1122 1264 1504 1320 pertinenciarum
1545 1264 1747 1319 ipsorum
1787 1278 1935 1307 comes
1975 1267 2018 1306 et

399 1338 549 1377 rector
572 1348 652 1390 per
686 1339 889 1377 sanctam
914 1335 1165 1377 Romanam
1202 1335 1437 1377 ecclesiam
1471 1335 1696 1390 generalis
1730 1369 1737 1377 .
1774 1369 1781 1376 .
1819 1369 1827 1376 .
1889 1335 2018 1377 Post-

400 1419 535 1461 quam
570 1407 622 1447 (16
656 1406 880 1447 excercitu
924 1406 1061 1448 castri
1103 1406 1320 1448 Thedaldi
1354 1420 1453 1448 cum
1488 1406 1693 1457 victoria,
1728 1406 1845 1449 sicut
1877 1405 2016 1458 561115,

401 1477 457 1517 ad
483 1476 762 1531 provinciam
786 1476 1051 1518 Romaniole
1083 1491 1153 1518 me
1187 1477 1415 1529 transtuli,
1451 1478 1503 1518 de
1536 1478 1751 1519 mandato
1784 1476 2019 1518 reverendi

398 1547 544 1601 patris
590 1550 632 1588 et
676 1547 858 1597 (101111111,
905 1547 1075 1589 (101111111
1117 1547 1311 1589 Arnaldi
1346 1582 1352 1588 .
1390 1582 1397 1589 .
1435 1582 1442 1588 .
1476 1548 1616 1603 legati
1659 1548 1779 1603 apud
1819 1550 2017 1589 castrum

399 1618 629 1659 Marcamo
671 1617 755 1658 feci
793 1618 1046 1660 inmensum
1086 1619 1357 1660 excercitum
1392 1619 1674 1674 congregari³
1708 1621 1866 1660 contra
1899 1619 2019 1673 quod

398 1688 443 1729 in
491 1688 673 1730 flumine
711 1688 822 1730 Padi
867 1692 1046 1743 pontem
1096 1690 1148 1730 de
1194 1690 1399 1741 navibus,
1445 1690 1563 1732 sicut
1603 1689 1873 1741 Francolini,
1917 1703 2017 1731 cum

400 1760 590 1801 cathena
621 1758 768 1801 ferrea
801 1760 1002 1801 ordinari
1046 1760 1144 1812 feci,
1184 1760 1338 1803 multis
1371 1761 1595 1802 munitum
1631 1760 1805 1803 balistis
1840 1763 1882 1802 et
1914 1772 2017 1815 pro-

398 1831 665 1885 pugnaculis
712 1843 762 1871 ac
804 1831 1006 1873 turribus
1047 1831 1209 1886 ligneis
1252 1832 1522 1883 ordinatum,
1563 1832 1627 1874 ita
1662 1832 1781 1887 quod
1812 1832 2017 1873 homines

398 1901 461 1942 ibi
494 1904 667 1944 stantes
701 1915 726 1943 a
758 1901 941 1943 Venetis
973 1902 1145 1944 nullum
1178 1906 1364 1956 possent
1396 1903 1561 1943 habere
1595 1916 1870 1954 succursum,
1904 1902 2017 1943 mul-

398 1975 558 2026 tosque
590 1973 804 2014 trabucos
853 1973 945 2015 sive
992 1973 1226 2015 machinas
1274 1972 1359 2015 feci
1408 1973 1521 2029 erigi
1568 1976 1726 2015 contra
1772 1973 1921 2028 ipsum
1974 1975 2017 2014 et

398 2043 554 2085 multis
593 2043 749 2085 diebus
787 2043 899 2085 inibi
941 2044 1165 2085 excercitu
1208 2047 1515 2086 commorante
1561 2044 1765 2099 predicto
1812 2044 2016 2086 homines

400 2113 642 2155 existentes
686 2114 864 2166 ibidem,
912 2128 1011 2156 611111
1057 2116 1110 2156 (16
1154 2119 1284 2157 nocte
1329 2129 1410 2157 nec
1450 2116 1503 2156 de
1548 2115 1616 2157 (116
1664 2115 1726 2157 eis
1774 2117 1868 2156 tam
1916 2128 2016 2157 cum

398 2184 618 2226 machinis
641 2185 994 2239 percutientibus
1022 2186 1221 2241 undique
1255 2186 1535 2228 incessanter
1563 2199 1698 2241 quam
1723 2185 1836 2227 alias
1858 2199 2016 2227 manu-

400 2254 532 2296 aliter
573 2258 615 2296 et
662 2256 854 2297 viriliter
909 2258 1208 2311 expugnando
1261 2270 1348 2298 non
1393 2257 1759 2312 permitteremus
1807 2256 2015 2311 quietem,

399 2325 538 2368 salvis
582 2327 800 2380 personis„
842 2341 888 2369 se
930 2331 1083 2370 sancte
1126 2328 1326 2369 Romane
1366 2327 1550 2370 ecclesie
1590 2327 1822 2369 humiliter
1869 2327 2015 2369 reddi-

400 2397 561 2438 derunt
573 2396 725 2452 sicque
737 2397 848 2439 illud
865 2397 1144 2448 hereditatis,
1164 2399 1283 2453 quod
1302 2398 1409 2440 olim
1432 2412 1512 2453 per
1531 2399 1847 2453 arroganciam
1857 2397 2017 2439 Veneti

398 2472 690 2522 usurparunn
704 2468 902 2522 predicte
917 2469 1123 2511 ecclessie
1135 2472 1383 2511 memorate
1395 2469 1491 2523 ipse
1504 2470 1613 2511 deus
1635 2469 1858 2511 ultionum
1876 2469 2015 2510 libere

398 2538 632 2580 vindicans
657 2552 838 2580 causam
862 2552 1004 2591 snam,
1028 2553 1116 2581 non
1135 2540 1304 2582 nostris
1326 2540 1502 2582 meritis
1526 2541 1603 2582 sed
1627 2553 1709 2581 sua
1731 2539 2016 2581 sanctissima

400 2609 567 2663 gracia,
590 2609 660 2651 die
676 2610 865 2651 XXIIII.
893 2608 1170 2663 Septembris
1194 2611 1437 2652 hereditati
1461 2624 1539 2653 sne
1563 2611 1753 2665 pristine
1770 2608 2014 2661 revocavit,

401 2681 452 2721 (16
469 2693 555 2734 quo
576 2681 737 2722 debent
755 2680 921 2735 singuli
943 2680 1097 2722 fideles
1122 2681 1304 2724 ecclesie
1328 2682 1416 2723 leto
1442 2682 1576 2723 corde
1600 2684 1643 2723 et
1667 2681 1816 2723 animo
1835 2680 2014 2721 laudem

401 2752 444 2791 et
488 2751 679 2805 gloriam
724 2751 902 2792 domino
945 2752 1197 2793 decantare.
1261 2754 1375 2793 Nam
1413 2755 1511 2793 tota
1544 2751 1866 2794 Christianitas
1900 2750 2013 2792 scire

399 2824 562 2874 potest,
603 2822 721 2876 quod
754 2835 983 2875 nunquam
1019 2823 1207 2864 ecclesia
1238 2822 1323 2864 Dei
1355 2827 1534 2864 tantum
1568 2824 1786 2877 quantum
1819 2834 1936 2862 nunc
1967 2820 2014 2861 in

399 2891 500 2933 istis
541 2892 748 2945 partibus
793 2892 977 2934 honoris
1024 2895 1067 2933 et
1099 2893 1243 2946 glorie
1278 2893 1535 2948 acquisivit!
1684 2893 1755 2934 Ad
1787 2892 1868 2933 hec
1900 2890 2014 2933 scire

399 2975 480 3004 vos
512 2962 627 3011 volo,
662 2964 781 3016 quod
812 2963 930 3004 idem
964 2966 1164 3005 castrum
1198 2964 1428 3005 Marcamo
1462 2963 1562 3017 plus
1595 2964 1640 3004 in
1668 2962 1932 3014 redditibus,
1964 2963 2014 3002 ut

542 3036 571 3074 a)
598 3032 767 3065 Brectorii
792 3032 912 3076 Kopie.
