2296 3512
1031 254 1347 295 —668—

384 388 427 428 et
467 385 656 428 utilitati
704 383 952 435 consulere,
997 395 1109 437 quas
1151 383 1305 436 posset
1341 379 1647 434 predictorum
1690 377 1999 433 pestilentium

382 456 571 498 infamia
602 455 844 506 maculare,
883 452 1127 508 magestati
1157 454 1320 504 vestre,
1363 451 1416 492 de
1450 449 1575 492 cuius
1609 449 1731 491 clara
1761 446 2002 503 prudentia

384 530 427 569 et
459 527 694 569 devotione
733 525 910 567 sincera
943 523 1106 565 diffusa
1136 536 1217 577 per
1249 522 1403 564 orbem
1437 518 1665 562 odorifera
1696 519 1819 561 fama
1851 521 1895 560 et
1927 531 2000 560 ex-

382 596 694 652 perimentalis
736 597 950 650 percepta
986 593 1156 636 noticia
1195 593 1407 634 fiduciam
1448 590 1585 633 michi
1628 591 1816 644 prebent
1849 588 2000 643 singu-

382 669 547 710 larem:
596 666 799 721 supplico
848 665 1088 707 affectuose
1137 667 1180 706 et
1223 663 1473 715 humiliter,
1522 664 1754 717 quantum,
1802 672 2000 714 possum,

385 742 606 794 quatenus
654 738 797 779 eidem
846 735 1024 778 domino
1073 735 1170 790 regi
1201 733 1453 785 Frederico‚
1503 731 1665 787 quibus
1697 729 2000 780 decreveritis,

383 809 543 860 modis,
586 807 833 863 dignemini
876 808 1086 857 suadere,
1130 805 1249 861 quod
1291 804 1458 846 talibus
1498 801 1726 856 pestiferis
1766 801 1917 856 legum
1959 802 2002 841 et

385 880 620 935 discipline
652 877 837 934 refugis,
872 877 1055 919 ecclesie
1083 890 1135 918 ac
1166 875 1399 930 religionis
1423 873 1680 925 rebellibus,
1704 872 1867 927 spiritu
1890 870 1999 913 scis-

384 953 550 995 matico
600 948 799 1005 agitatis,
842 946 1256 998 excommunicatis,
1302 944 1562 996 infamibus,
1605 941 2001 998 pseudofratribus

386 1027 429 1066 et
446 1021 662 1078 ypocritis
679 1020 853 1062 nullum
870 1020 1041 1074 prestet
1064 1016 1303 1071 refugium,
1319 1014 1663 1058 contubernium
1682 1027 1761 1057 seu
1783 1013 2000 1061 favorem,

387 1095 495 1150 quin
527 1092 682 1147 pocius
715 1094 947 1145 tamquam
981 1087 1229 1130 catholicus
1264 1090 1307 1128 et
1345 1087 1533 1128 devotus
1571 1085 1778 1139 princeps
1819 1084 2005 1138 propter

385 1166 601 1207 honorem
634 1162 719 1204 Dei
751 1165 793 1203 et
826 1174 904 1203 sue
937 1172 1100 1201 corone
1133 1158 1384 1200 decentiam
1417 1156 1480 1199 sic
1513 1155 1723 1211 religioni
1763 1154 1917 1196 faveat
1957 1154 2001 1196 in

385 1237 471 1278 hac
502 1236 644 1289 parte,
680 1233 799 1288 quod
832 1230 1022 1285 predicti
1045 1228 1237 1283 profugi,
1272 1228 1311 1270 si
1341 1229 1397 1269 ad
1419 1229 1572 1281 partes
1598 1226 1701 1268 illas
1730 1225 2003 1268 accesserint

385 1307 432 1349 in
463 1307 735 1360 potestatem
778 1306 820 1344 et
861 1300 1146 1354 disciplinam
1185 1299 1356 1341 ordinis
1395 1312 1475 1340 suo
1517 1296 1684 1339 auxilio
1724 1297 2002 1351 redigantur.

388 1376 635 1420 Conservet
668 1373 919 1416 altissimus
952 1384 1192 1426 personam
1234 1373 1434 1412 vestram
1476 1403 1482 1409 .
1526 1403 1532 1409 .
1576 1402 1582 1408 .
1633 1368 1736 1409 Dat.
1781 1367 2007 1409 Florentie

386 1448 487 1490 idus
520 1445 789 1489 Novembris
824 1456 940 1485 anno
975 1441 1143 1484 domini
1174 1438 1374 1483 MOCC0C
1404 1440 1529 1481 XIII.

530 1516 618 1551 CRD
645 1515 747 1550 4776.
799 1513 856 1547 Or.
882 1513 965 1556 Pap.
993 1512 1067 1555 Ssp.
1119 1512 1204 1545 Zum
1236 1511 1375 1544 Ganzen
1414 1509 1480 1553 vgl.
1513 1509 1567 1542 die
1599 1507 1765 1542 Arbeiten
1803 1518 1871 1541 von
1902 1506 2007 1540 Ehrle

387 1578 435 1610 im
462 1575 593 1610 Archiv
618 1575 677 1607 fiir
702 1573 784 1607 Litt.
812 1584 844 1606 u.
870 1571 1143 1615 Kirchengesch.
1171 1570 1197 1613 L
1226 1570 1292 1603 156
1316 1569 1342 1605 s.
1370 1569 1416 1610 ss„
1445 1567 1511 1601 138
1541 1568 1613 1601 und
1639 1577 1702 1600 vor
1726 1566 1828 1600 aliem
1853 1566 1918 1608 ΠΙ,
1945 1566 2006 1600 31;

389 1635 565 1679 Quomodo
591 1633 712 1668 XLIX
743 1633 871 1665 fratres
903 1632 944 1664 de
970 1630 1127 1672 Tuscffia,
1160 1629 1217 1673 qui
1248 1628 1348 1661 fratri
1372 1627 1541 1662 Ubertino
1574 1628 1608 1660 et
1634 1626 1704 1660 suis
1736 1625 1836 1659 sociis
1862 1625 2007 1659 adhese-

388 1697 476 1737 rant7
511 1721 518 1728 .
546 1719 554 1728 .
582 1722 589 1729 .
623 1693 767 1726 fuerunt
799 1690 933 1725 invitati
967 1700 1029 1733 per
1059 1689 1147 1723 bone
1179 1687 1346 1721 memorie
1377 1687 1505 1720 fratem
1531 1685 1767 1719 Alexandrum
1796 1686 1879 1718 tunc
1903 1694 2008 1728 gene-

388 1754 496 1788 ralem
522 1752 730 1794 ministrum7
759 1779 764 1784 .
787 1778 793 1785 .
814 1778 821 1784 .
847 1750 883 1783 in
909 1748 1064 1784 Ciciliam
1090 1748 1335 1791 confugerunt.
1377 1746 1439 1788 IV,
1466 1745 1511 1780 26
1537 1745 1565 1780 f.
1592 1765 1635 1768 —
1660 1744 1745 1788 Reg.
1773 1743 1960 1779 Clementis
1977 1743 2010 1776 V

388 1814 451 1849 Nr.
478 1812 580 1851 9366,
607 1811 699 1845 9494
726 1810 796 1843 und
821 1809 913 1844 9495
940 1810 1033 1847 (vom
1061 1808 1115 1842 15.
1142 1807 1212 1840 und
1238 1805 1294 1840 23.
1320 1804 1390 1840 Juli
1418 1805 1532 1848 1313).

391 1933 490 1974 4⁶20.
523 1932 684 1986 Jayme
705 1930 772 1972 ΙΙ.
795 1941 853 1970 an
874 1927 1032 1981 Konig
1053 1925 1321 1969 Friedrich:
1351 1923 1632 1966 iibe1·sen(let
1653 1922 1734 1964 (las
1756 1921 2011 1965 Schreiben

392 2004 470 2045 (les
502 1999 974 2053 Minoritengenerals
1014 1998 1108 2040 und
1149 1997 1292 2039 bittet
1332 1994 1563 2048 dringend
1605 1994 1680 2035 die
1722 1991 2011 2046 Spiritualen

392 2074 524 2116 nicht
565 2071 902 2114 aufzunehmen
943 2069 1037 2111 und
1069 2069 1144 2110 die
1176 2066 1475 2110 anwesenden
1508 2076 1589 2107 aus
1631 2064 1807 2106 seinem
1838 2062 2012 2104 Reiche

599 2155 653 2185 zu
686 2143 968 2184 verti-eiben.
1029 2139 1249 2182 Valencia
1281 2137 1471 2193 (1313)4
1502 2138 1711 2179 Februar
1743 2134 1811 2177 11.

580 2271 588 2278 .
625 2271 632 2277 .
677 2235 974 2278 Fraternitati
1016 2236 1166 2276 vestre
1217 2232 1496 2288 presentium
1549 2230 1664 2274 serie
1709 2231 1865 2271 notum
1917 2226 2011 2279 fiat,

393 2322 476 2351 nos
519 2307 696 2349 noviter
740 2320 766 2348 a
810 2304 1058 2348 venerabili
1104 2308 1147 2346 et
1189 2303 1403 2358 religioso
1447 2303 1545 2344 viro
1589 2300 1707 2342 fatre
1747 2299 2012 2341 Alexandro

394 2378 566 2422 ordinis
612 2377 807 2419 fratrum
855 2376 1081 2418 Minorum
1134 2373 1335 2430 generali
1378 2373 1588 2415 ministro
1640 2371 1840 2413 litteram
1893 2381 2013 2410 rece-

394 2449 561 2507 pisse1)
597 2483 604 2489 .
640 2482 648 2489 .
685 2481 692 2488 .

537 2518 674 2562 Cuius
708 2518 914 2574 equidem
946 2517 1097 2558 littere
1130 2515 1244 2558 serie
1277 2516 1387 2557 bene
1421 2514 1624 2565 collecta,
1658 2512 1754 2555 viso
1782 2509 2012 2567 primarie,

397 2594 614 2648 quantum
658 2591 935 2631 memoratus
979 2587 1186 2629 minister
1230 2587 1348 2628 bona
1388 2585 1550 2627 ductus
1589 2582 1837 2633 affectione,
1878 2593 2014 2636 quam

398 2662 455 2704 ad
477 2662 658 2703 domum
686 2662 887 2701 nostram
913 2658 1029 2713 gerit
1052 2671 1104 2699 ac
1128 2659 1339 2707 vestram,
1369 2654 1753 2705 comendabiliter,
1781 2650 2014 2694 curialiter

398 2736 442 2774 et
489 2732 679 2774 discrete
726 2743 774 2773 se
821 2729 979 2770 habuit
1025 2728 1157 2770 nobis
1205 2728 1287 2769 sub
1331 2728 1539 2782 pretacta
1582 2725 1730 2767 forma
1777 2721 2014 2777 negocium

395 2802 644 2845 refferendo
685 2813 767 2842 nec
808 2800 865 2841 ad
906 2799 1200 2854 superiorem,
1241 2800 1293 2840 ut
1332 2797 1496 2852 potuit,
1538 2794 1810 2837 recurrendo
1844 2792 2015 2835 discus-

399 2886 538 2930 soque
569 2871 858 2927 postmodum
890 2870 1012 2911 intra
1044 2882 1124 2911 nos
1153 2872 1196 2910 et
1221 2868 1368 2909 lucide
1395 2866 1590 2922 cognito,
1614 2863 1840 2920 quomodo
1863 2876 2015 2917 recep-

396 2944 530 2993 tacio,
579 2942 617 2984 si
663 2955 744 2996 per
786 2953 867 2982 vos
910 2939 1052 2990 fieret,
1098 2940 1152 2980 de
1195 2937 1453 2980 huiusmodi
1500 2935 1706 2992 profugis
1752 2937 1795 2975 et
1839 2933 1932 2975 Deo
1973 2934 2017 2974 et

542 3035 566 3079 1)
592 3034 690 3079 Folgt
714 3034 831 3078 vorige
856 3032 932 3075 NL7
958 3032 1011 3066 die
1039 3042 1076 3066 er
1101 3032 1136 3064 in
1161 3031 1271 3075 Kopie
1297 3029 1504 3065 mitschickt.
