2296 3512
907 293 1228 333 -697—

400 421 460 464 Ut
493 425 644 463 autem
677 421 798 463 dicta
828 420 1034 462 fraterna
1065 419 1284 461 tractacio
1318 422 1361 461 et
1393 420 1591 461 humana
1623 417 1880 473 benignitas

259 494 377 535 inter
404 492 494 534 alia
531 494 701 546 pateat,
736 504 826 546 qua
857 490 981 545 ipsos
1020 490 1257 544 neophitos
1296 490 1510 545 prosequi
1542 490 1706 531 debent
1744 487 1882 530 ceteri

261 562 520 615 Christiani,
560 561 697 604 nullis
730 561 865 603 licere
897 560 1192 616 providimus,
1236 560 1496 603 Christiana
1527 559 1754 614 mancipia
1787 558 1881 601 vul-

260 634 442 677 neribus
477 635 555 674 aut
576 632 770 688 flagellis
794 631 975 674 afficere
999 635 1078 673 aut
1104 631 1289 687 aliquod
1309 631 1561 673 membrum
1579 630 1669 673 illis
1686 629 1883 672 incidere

260 705 330 747 vel
362 705 615 755 devastare,
648 703 691 744 in
726 702 841 744 facie
876 702 944 744 vel
976 702 1022 744 in
1054 702 1203 744 fronte
1226 701 1421 756 signare,
1456 702 1605 744 autin
1629 714 1681 743 03
1708 700 1881 755 aliqua-

259 779 389 818 tenus
415 774 624 826 insevire,
657 788 771 826 cum,
800 773 906 815 licet
934 773 1025 815 sint
1051 772 1221 815 domini
1243 785 1491 823 servorum,
1518 776 1669 813 tamen
1695 784 1882 813 suorum

259 846 563 889 membrorum
598 844 768 887 domini
798 857 888 886 non
913 844 1123 886 existant.
1186 843 1277 886 Eos
1303 847 1455 884 tamen
1483 857 1509 884 a
1531 842 1724 884 dominis
1749 841 1882 884 casti·
1937 829 1945 834 ”

260 916 360 972 gari
403 915 722 970 permittimus,
771 928 872 956 cum
915 915 1047 969 culpa
1091 913 1364 968 processerit
1411 916 1454 955 et
1498 913 1734 955 christiani
1777 912 1882 963 sint,

257 987 389 1038 iuste,
421 987 582 1028 leviter
615 989 657 1027 et
691 987 895 1042 benigne.
959 985 1087 1037 Eum,
1121 988 1274 1027 tamen
1308 984 1347 1026 si
1372 984 1606 1039 fugitims,
1640 986 1883 1025 contumax

258 1057 399 1100 fuerit
431 1057 501 1099 vel
532 1060 787 1112 protervus,
821 1056 927 1111 poni
960 1056 1251 1110 compedibus
1283 1069 1374 1097 non
1405 1058 1624 1097 vetamus.

400 1140 466 1182 De
489 1154 578 1182 non
598 1140 798 1182 vocando
823 1139 1109 1191 christianos,
1134 1138 1341 1194 quamvis
1364 1137 1457 1180 sint
1483 1137 1616 1189 servi,
1641 1139 1684 1178 et
1707 1135 1885 1178 etiamsi

258 1211 427 1253 fuerint
457 1211 606 1263 Judei,
639 1224 773 1252 canes
806 1212 1062 1266 renegatos.

487 1328 494 1334 .
530 1292 675 1336 Canes
707 1293 862 1335 vocari
891 1293 1137 1335 secundum
1160 1305 1291 1335 usum
1313 1290 1528 1347 loquendi
1547 1289 1682 1332 Judei
1707 1292 1885 1331 tantum

259 1364 350 1407 sint
391 1364 515 1407 soliti
556 1378 608 1406 ac
639 1364 808 1420 pagani
842 1397 849 1405 .
887 1398 894 1405 .
932 1398 939 1405 .
976 1362 1024 1406 Si
1070 1363 1171 1419 quis
1214 1367 1373 1405 contra
1404 1361 1562 1404 fecerit
1604 1375 1684 1415 per
1717 1373 1885 1402 annum

259 1449 399 1477 unum
432 1438 522 1478 stet
552 1435 599 1477 in
630 1435 823 1478 vinculis
857 1469 864 1476 .
901 1469 908 1476 .
946 1469 953 1476 .

402 1518 469 1560 De
501 1517 775 1572 baptizando
814 1517 911 1560 fetu
952 1530 1201 1569 servorum,
1240 1519 1485 1572 postquam
1519 1517 1576 1558 ad
1607 1515 1753 1557 lucem
1785 1526 1885 1568 per-

260 1588 447 1631 venerit.

406 1694 412 1700 .
449 1694 456 1701 .
493 1693 500 1700 .
535 1660 757 1714 Perpetuo
784 1660 1054 1702 mandamus
1078 1659 1236 1711 edicto,
1262 1661 1313 1700 ut
1336 1657 1506 1701 domini
1533 1670 1769 1700 servorum
1792 1655 1886 1698 sive

262 1730 614 1773 christianarum
653 1730 747 1773 sive
787 1729 1144 1772 8311300113111111
1183 1729 1461 1784 pariencium
1500 1731 1683 1783 partum
1722 1727 1886 1782 ipsum,

261 1804 504 1856 postquam
532 1802 584 1843 ad
613 1801 759 1843 lucem
790 1801 1064 1855 pervenerit,
1098 1800 1215 1844 sicut
1244 1803 1453 1843 assuetus
1487 1802 1555 1842 est
1585 1799 1630 1841 111
1660 1798 1753 1841 suis
1779 1797 1886 1840 filiis

261 1871 426 1923 facere,
458 1871 685 1926 baptizari
716 1875 971 1926 procurent.
1027 1871 1159 1924 Quod
1191 1872 1231 1914 si
1263 1874 1423 1914 contra
1453 1870 1655 1921 fecerint,
1689 1869 1887 1911 infantes

262 1942 350 1996 ipsi
381 1942 699 1985 nichilominus
733 1942 828 1985 sine
863 1943 1120 1997 calumpnia
1145 1956 1226 1997 per
1249 1942 1484 1986 ecclesiam
1508 1940 1730 1995 baptizati
1755 1939 1887 1982 liberi

263 2012 420 2055 statim
451 2013 575 2055 fiant.

402 2096 464 2138 Ut
494 2096 607 2138 nulli
641 2095 892 2139 Sarraceno
924 2097 995 2138 vel
1026 2097 1172 2139 Judeo
1200 2096 1337 2138 liceat
1369 2109 1550 2139 servum
1577 2094 1887 2138 Christianum

265 2179 410 2208 emere
441 2167 512 2208 vel
543 2170 696 2209 tenere
731 2170 774 2209 et
807 2168 860 2209 de
894 2181 944 2209 eo
977 2181 1067 2210 non
1101 2168 1334 2210 vendendo
1366 2166 1538 2209 infideli
1572 2201 1580 2208 .
1618 2200 1626 2208 .
1662 2200 1669 2207 .

404 2247 536 2300 Quod
568 2249 688 2293 servi
718 2251 816 2292 nati
846 2250 892 2292 in
925 2251 1060 2293 domo
1085 2250 1333 2293 Judeorum
1358 2250 1449 2293 sint
1475 2249 1620 2302 liberi,
1644 2251 1887 2304 postquam

263 2318 436 2361 fuerint
466 2319 687 2374 baptizati
720 2355 727 2362 .
765 2355 772 2362 .
809 2355 816 2362 .

404 2402 471 2443 De
518 2401 649 2458 signo
703 2402 945 2445 deferendo
1001 2417 1027 2446 a
1073 2403 1358 2457 Sarracenis,
1404 2406 1454 2446 ut
1498 2403 1815 2445 discernantur
1862 2414 1888 2442 a

265 2470 553 2515 Christianis.

409 2553 638 2606 Quoniam
670 2555 716 2597 in
749 2555 883 2598 terris
916 2556 1062 2599 nostri
1084 2557 1273 2600 dominii
1306 2591 1313 2598 .
1351 2591 1358 2599 .
1395 2558 1449 2612 .³)
1485 2557 1679 2612 quedam
1700 2555 1888 2598 inolevit

265 2624 483 2678 confusio,
516 2628 567 2667 ut
601 2625 662 2680 [a]
704 2625 963 2669 christianis
997 2626 1274 2671 Sarracenos
1311 2627 1438 2670 nulla
1471 2627 1709 2683 distinguit
1741 2626 1888 2669 diver-

265 2696 380 2738 sitas
427 2695 624 2748 habitus,
674 2697 791 2738 unde
839 2697 1057 2753 contingit
1099 2698 1349 2752 interdum,
1399 2700 1519 2754 quod
1562 2711 1644 2753 per
1688 2711 1888 2740 errorem

265 2765 513 2809 Christiani
541 2765 899 2809 Sarracenorum
933 2770 978 2810 et
1016 2768 1257 2812 Sarraceni
1290 2768 1655 2812 Christianorum
1687 2767 1887 2811 mulieri-

265 2838 348 2879 bus
387 2837 807 2888 commisceanturb)
849 2841 892 2880 et
930 2839 1063 2892 plura
1110 2840 1201 2882 alia
1240 2841 1401 2883 exinde
1440 2839 1643 2882 enormia
1681 2838 1887 2881 commit-

264 2907 482 2962 tanturss')
517 2943 524 2949 .
559 2942 566 2949 .
604 2943 611 2949 .
647 2908 904 2961 statuimus,
937 2912 987 2951 ut
1017 2908 1257 2953 Sarraceni
1287 2911 1376 2966 ipsi
1406 2910 1643 2966 utriusque
1676 2923 1809 2952 sexus
1841 2909 1887 2950 in

265 2981 362 3021 toto
406 2981 564 3022 nostro
611 2978 809 3021 dominio
854 2982 897 3021 et
939 2979 1061 3022 omni
1104 2983 1307 3035 tempore
1346 3017 1352 3024 .
1394 3016 1402 3023 .
1446 3016 1453 3023 .
1487 2981 1668 3037 signum
1707 2977 1888 3022 bastoni

412 3072 441 3116 a)
466 3071 532 3105 Ein
558 3071 661 3105 Wort
686 3070 787 3107 fehlt.
830 3072 865 3116 ib)
891 3072 1161 3107 commiscentur
1186 3074 1452 3109 committuntur
1475 3074 1532 3109 Or.
