2296 3512
910 258 1225 298 -729—

260 379 320 411 aut
355 388 424 411 non
450 381 627 414 servantes
659 381 797 414 easdem
829 383 1203 419 excommunicacionis
1237 387 1271 419 et
1301 386 1337 420 in
1371 388 1474 422 terris
1500 399 1620 422 eorum
1645 400 1709 433 per
1733 390 1886 424 nuncios

259 438 466 470 memoratos
490 437 665 473 interdicti
691 439 878 474 sentenciis
903 441 1138 486 promulgatis.
1190 443 1282 486 Quas
1308 446 1447 480 demum
1473 449 1612 491 treugas
1638 450 1877 491 procuratores

260 494 323 538 ipsi
349 495 488 529 nomine
513 506 636 540 regum
660 498 880 532 ratificamnt
904 499 1057 542 ipsorum
1084 503 1118 534 et
1144 502 1252 536 eciam
1278 505 1511 547 approbarunt
1536 508 1570 540 et
1596 507 1684 550 quod
1704 517 1761 541 eas
1778 517 1886 551 reges>

258 552 320 596 ipsi
347 563 410 597 per
434 555 545 588 totum
570 556 709 599 tempus
734 557 929 600 predictum
955 558 1200 593 inviolabiliter
1224 561 1460 606 observarent,
1487 564 1521 598 in
1547 576 1667 610 regum
1688 566 1877 600 eorundem

258 611 390 646 animas
415 612 638 656 corporaliter
667 614 871 649 iuraverunt
901 616 993 651 inter
1018 628 1055 651 se
1080 618 1324 654 nichilominus
1349 626 1589 664 procuratores
1614 624 1679 667 ipsi
1704 625 1877 659 dictorum

257 680 375 714 regum
402 671 542 705 nomine
568 672 739 717 homagio,
765 674 856 708 sicut
881 686 982 710 nosse
1007 678 1041 710 te
1068 677 1251 721 credimus,
1278 679 1359 714 hinc
1384 681 1465 715 inde
1496 683 1638 725 prestito
1665 687 1700 717 et
1724 686 1882 727 recepto..

257 728 349 771 Quas
379 729 504 763 deinde
535 740 635 774 reges
666 731 729 774 ipsi
762 732 977 767 ratificantes
1009 736 1043 768 et
1068 735 1172 769 etiam
1204 737 1433 781 approbantes
1465 739 1540 773 illas
1566 752 1705 776 servare
1732 741 1876 776 inviola-

256 787 369 821 biliter
398 788 643 832 promiserunt.
706 790 861 835 Cumque
895 792 1007 827 dictus
1044 793 1251 829 Fredericus
1282 796 1378 830 iuxta
1406 800 1523 832 nostre
1561 799 1798 844 requisicionis
1822 801 1875 834 in-

255 846 424 880 stanciam
455 849 610 891 tempore
641 850 852 892 procedente
884 862 946 895 pro
977 852 1174 887 huiusmodi
1204 854 1299 898 pacis
1330 857 1580 900 prosequcione
1605 860 1771 893 tractatus
1796 870 1884 893 suos«

254 905 296 938 ad
322 905 543 949 apostolicam
569 907 698 950 sedem,
725 908 815 942 sicut
840 911 874 943 te
899 910 1059 955 ignorare
1084 923 1153 946 non
1179 913 1365 957 credimus,
1391 916 1536 950 nuncios
1555 916 1771 955 destinasset,
1798 920 1874 951 tan-

254 964 332 998 dem
350 964 454 998 iidem
471 965 598 1009 nuncii,
625 977 705 1000 cum
728 978 791 1011 per
809 968 882 1002 dies
905 968 1036 1013 aliquos
1056 982 1189 1005 moram
1206 972 1396 1007 traxissent
1418 973 1557 1017 ibidem,
1576 975 1670 1019 q[uia
1687 976 1810 1020 dictus]
1830 977 1880 1020 (5³)-

252 1022 425 1058 Robertus
450 1035 513 1057 rex
531 1024 656 1063 Sicilie,
683 1027 1011 1070 supervenientibus
1031 1030 1134 1064 certis
1160 1030 1416 1074 impedimentis
1442 1033 1565 1071 eidem,
1592 1034 1635 1067 ad
1660 1035 1778 1068 sedem
1795 1046 1874 1078 pre-

251 1081 376 1126 fatam,
410 1083 568 1127 quamvis
600 1084 643 1118 ad
668 1084 734 1118 hec
760 1096 797 1119 se
823 1093 994 1131 parasset,
1027 1090 1111 1123 tunc
1136 1090 1256 1124 venire
1281 1101 1350 1125 non
1374 1094 1510 1135 poterat
1534 1103 1598 1126 nec
1625 1104 1704 1126 suos
1730 1094 1874 1128 nuncios

252 1141 437 1184 destinare,
464 1143 506 1176 de
531 1145 650 1177 nostra
674 1143 819 1178 licencia
844 1150 1074 1191 recesserunt,
1112 1147 1195 1182 licet
1219 1149 1312 1183 idem
1337 1161 1399 1184 rex
1425 1150 1539 1185 Sicilie
1564 1152 1704 1185 demum
1736 1152 1778 1186 ab
1809 1152 1873 1186 1111-

250 1200 458 1243 pedimentis
476 1202 657 1245 expeditus
674 1203 806 1237 eisdem
825 1206 966 1248 propter
983 1206 1048 1240 hoc
1067 1207 1109 1240 ad
1133 1210 1361 1242 memoratam
1379 1209 1509 1253 sedem,
1533 1210 1590 1244 ubi
1616 1210 1730 1245 adhuc
1747 1212 1876 1245 morari

249 1258 449 1301 dinoscitur,
458 1260 670 1298 accessisset.
689 1261 914 1297 Postmodum
929 1266 1045 1299 autem
1053 1265 1250 1310 diligentius
1261 1269 1490 1312 attendentes,
1506 1270 1596 1313 quod
1607 1270 1739 1304 festum
1749 1280 1873 1314 appro-

249 1318 437 1362 pinquabat
453 1319 644 1354 nativitatis
662 1321 792 1355 domini
809 1323 967 1366 proxime
985 1326 1185 1369 venturum,
1204 1337 1271 1370 quo
1294 1330 1416 1371 treuge
1434 1328 1647 1362 finiebantur
1664 1328 1872 1372 huiusmodi,v

249 1378 284 1410 et
308 1377 450 1421 insuper
475 1379 732 1415 considerantes
759 1382 930 1416 attencius
956 1383 1148 1427 innumera,
1176 1396 1243 1429 que
1269 1396 1338 1419 non
1363 1386 1475 1420 solum
1502 1388 1647 1431 prefatis
1665 1387 1803 1432 regibus
1820 1389 1873 1432 ip—

248 1446 435 1481 sorumque
454 1438 580 1481 regnis,
599 1439 702 1473 terris
720 1441 755 1474 et
771 1440 929 1481 subditis,
949 1444 1001 1476 set
1019 1443 1124 1476 etiam
1143 1444 1205 1477 toti
1219 1445 1348 1479 mundo
1362 1446 1514 1489 ipsarum
1530 1449 1665 1490 poterat
1678 1448 1873 1492 resumpcio

246 1505 453 1539 guerrarum
479 1497 596 1531 odiosa
620 1499 822 1543 producere,
850 1510 870 1534 a
895 1501 1004 1544 ceptis
1029 1513 1099 1536 non
1124 1504 1322 1547 putavimus
1340 1505 1587 1540 desistendum.
1625 1506 1670 1540 Et
1686 1507 1761 1541 ideo
1779 1508 1877 1551 pacis-

247 1553 403 1588 eiusdem
421 1558 607 1590 tractatum
624 1559 786 1602 prosequi
804 1561 950 1603 paterne
977 1560 1159 1605 diligencie
1180 1563 1303 1598 studiis
1324 1563 1554 1601 intendentes.
1575 1566 1681 1610 [cum]
1701 1577 1765 1600 nec
1783 1566 1872 1600 scire

246 1623 436 1657 possemus,
475 1615 503 1649 si
541 1616 654 1650 dictus
692 1617 908 1662 Fredericus,
954 1630 1057 1663 quem
1098 1631 1204 1665 super
1240 1622 1306 1656 hoc
1337 1625 1473 1657 nostras
1511 1625 1702 1668 rogandum
1739 1624 1872 1659 litteras

245 1671 456 1707 duxeramus
495 1675 666 1709 attencius
703 1677 740 1709 et
776 1677 973 1722 ortandum,
1010 1690 1090 1714 suos
1128 1680 1170 1714 ad
1202 1691 1264 1715 nos
1289 1681 1381 1716 infra
1406 1682 1537 1717 dictum
1563 1684 1759 1727 proximum
1785 1695 1873 1718 ven·

245 1732 362 1765 turum
399 1732 531 1767 festum
569 1734 770 1778 nativitatis,
804 1747 871 1780 quo
903 1739 1025 1782 treuge
1056 1738 1232 1774 finiuntur
1261 1741 1428 1785 predicte,
1462 1744 1554 1776 esset
1584 1743 1730 1778 nuncios
1756 1745 1876 1778 trans·-

245 1790 425 1833 missurus,
452 1794 590 1837 treugas
614 1794 754 1828 easdem
780 1796 987 1830 auctoritate
1013 1797 1200 1841 apostolica
1224 1799 1266 1833 de
1292 1800 1441 1834 fratrum
1467 1801 1701 1845 predictorum
1729 1801 1870 1837 consilio

245 1859 289 1882 ex
327 1854 421 1884 certa
458 1851 604 1886 sciencia
643 1844 867 1889 ratificandas
899 1855 1063 1890 duximus
1096 1859 1131 1891 et
1155 1858 1259 1892 etiam
1285 1859 1523 1903 approbandas
1555 1862 1590 1894 et
1613 1861 1706 1895 inter
1731 1862 1870 1896 eosdem

244 1918 342 1952 reges
366 1909 589 1955 ipsorumque
615 1922 732 1956 regna,
769 1914 880 1948 terras
907 1916 942 1948 et
972 1915 1132 1950 homines
1162 1927 1271 1961 usque
1297 1918 1339 1952 ad
1365 1920 1436 1953 tres
1462 1930 1570 1954 annos
1602 1919 1824 1964 complendos
1850 1931 1870 1955 a

244 1967 334 2001 dicto
360 1968 449 2003 festo
474 1970 663 2005 nativitatis
687 1973 834 2007 venturo
859 1974 1018 2017 proximo
1044 1975 1257 2010 incohandos
1283 1977 1324 2011 de
1350 1978 1499 2012 fratrum
1524 1979 1761 2022 predictorum
1786 1990 1870 2014 con·

243 2025 318 2060 silio
336 2026 494 2062 fidelium
511 2030 644 2065 astante
661 2030 884 2066 multitudine
902 2033 1052 2077 copiosa,
1079 2035 1242 2069 duximus
1259 2035 1472 2071 indicandas.
1515 2038 1561 2072 Es
1585 2037 1672 2083 folgt
1697 2039 1790 2073 dann
1814 2039 1876 2073 die-

244 2084 452 2121 Geschichte
489 2087 550 2121 der
579 2089 800 2126 Diffidation.
850 2091 924 2126 Der
960 2092 1090 2127 Schluss
1127 2093 1250 2128 lautet:
1290 2095 1378 2131 Cum
1409 2096 1525 2141 itaque
1557 2108 1619 2131 nos
1651 2098 1868 2132 carissimum

242 2143 276 2177 in
315 2144 451 2180 Christo
487 2146 601 2181 filium
641 2151 799 2184 nostrum
830 2151 1001 2185 vIacobum
1032 2163 1151 2197 regem
1182 2154 1355 2199 Aragonie
1384 2183 1389 2189 .
1418 2185 1425 2192 .
1454 2183 1460 2190 .
1487 2167 1550 2200 per
1574 2159 1709 2191 nostras
1735 2156 1875 2192 litteras

241 2204 433 2248 rogandum
474 2206 688 2251 duxerimus,
736 2211 776 2243 ut
817 2211 1054 2255 permaximis,
1099 2212 1224 2256 quibus
1267 2213 1360 2248 idem
1396 2215 1585 2250 Federicus
1629 2227 1665 2250 se
1710 2216 1866 2260 subiecit,

241 2262 404 2306 periculis
430 2274 470 2298 30
495 2265 590 2299 duris
616 2267 797 2310 scandalis,
823 2279 890 2312 que
916 2269 953 2304 in
976 2270 1122 2306 diversis
1148 2272 1240 2307 orbis
1264 2273 1420 2316 partibus
1445 2277 1685 2319 preparantur,
1710 2286 1773 2310 nec
1796 2286 1867 2309 non

241 2323 276 2355 et
300 2322 493 2356 animarum
519 2323 693 2360 deflendis
719 2327 909 2371 dispendiis
936 2358 944 2365 .
973 2356 978 2363 .
1007 2358 1014 2365 .
1041 2330 1233 2365 innumeris
1266 2342 1306 2366 ac
1334 2334 1553 2368 nocumentis
1584 2334 1866 2378 irreparabilibus

240 2379 344 2414 Terre
377 2383 504 2425 sancte,
543 2393 622 2427 que,
654 2384 720 2419 nisi
752 2385 923 2422 celeribus
955 2392 1166 2424 occurantur
1195 2391 1369 2431 remediis,
1395 2396 1608 2436 proventura
1631 2394 1866 2428 formidantur

239 2439 473 2474 verisimiliter
505 2452 549 2475 ex
579 2444 774 2487 premissis,
813 2445 849 2479 in
886 2447 1052 2481 scrutinio
1092 2449 1413 2493 circumspectionis
1440 2480 1447 2487 .
1476 2480 1483 2487 .
1512 2479 1519 2486 .
1545 2452 1700 2487 adductis
1731 2463 1864 2487 memo-

239 2500 353 2532 ratum
391 2510 510 2544 regem
546 2500 714 2536 Trinaclie
753 2514 773 2537 a
809 2506 880 2538 tam
911 2506 1072 2551 precipiti
1104 2507 1201 2552 lapsu
1229 2536 1235 2542 .
1263 2537 1271 2544 .
1299 2536 1306 2543 .
1332 2510 1443 2544 modis
1476 2512 1511 2545 et
1541 2511 1606 2545 viis
1638 2511 1798 2555 congruis
1831 2513 1865 2545 et

239 2557 446 2593 efficacibus
472 2560 655 2603 exquisitis
687 2590 695 2597 .
723 2589 731 2598 .
758 2590 767 2598 .
793 2574 958 2599 revocare
982 2569 1156 2611 procuret,
1184 2595 1192 2603 .
1220 2596 1227 2604 .
1255 2596 1263 2603 .
1289 2568 1547 2604 fraternitatem
1571 2572 1667 2605 tuam
1691 2581 1862 2615 rogamus,

239 2646 246 2653 .
276 2646 282 2651 .
311 2646 318 2653 .
345 2620 515 2662 quatenus
548 2619 638 2663 apud
669 2621 819 2655 eundem
853 2623 1047 2667 genitorem
1072 2626 1183 2669 tuum,
1210 2627 1301 2671 quod
1325 2628 1525 2663 huiusmodi
1550 2629 1677 2664 nostris
1703 2630 1864 2674 precibus

238 2678 273 2710 et
298 2676 529 2712 ortacionibus
563 2679 789 2723 acquiescens
819 2680 913 2725 ipsas
944 2683 1114 2726 producat
1145 2684 1307 2720 celeriter
1334 2686 1371 2720 in
1402 2688 1571 2722 effectum
1597 2699 1658 2732 pro
1684 2691 1804 2723 nostra
1829 2691 1864 2723 et

236 2734 421 2779 apostolice
464 2736 555 2770 sedis
600 2739 803 2773 reverencia
836 2740 1007 2776 instancia
1043 2743 1155 2787 vigilis
1197 2744 1425 2781 solicitudinis
1463 2746 1619 2782 elabores
1652 2776 1660 2783 .
1695 2775 1701 2782 .
1737 2776 1743 2782 .
1782 2748 1860 2782 Dat.

235 2794 407 2829 Auinione
432 2794 480 2831 11.
506 2806 616 2830 nonas
641 2798 789 2842 Augusti
815 2799 1044 2842 pontificatus
1069 2802 1179 2836 nostri
1205 2814 1295 2837 anno
1321 2807 1454 2849 quarto.

377 2853 467 2889 CRD
493 2854 557 2888 Nr.
585 2855 685 2892 6489.
737 2856 889 2892 Gleichz.
924 2858 1070 2894 Abschr.
1104 2860 1230 2904 Papier
1255 2863 1337 2897 sehr
1363 2864 1491 2907 defekt,
1528 2865 1661 2900 welche
1692 2866 1753 2899 der
1777 2866 1860 2900 ΕΓΖ-

234 2911 372 2946 bischof
396 2924 465 2947 von
489 2912 614 2947 Toledo
640 2914 674 2947 in
701 2914 814 2950 einem
840 2916 1115 2962 eigenhandigen
1141 2919 1258 2954 Briefe
1289 2932 1358 2956 von
1382 2922 1439 2958 27.
1466 2925 1553 2968 Aug.
1581 2924 1701 2968 (1320)
1727 2924 1860 2959 seinem

234 2971 343 3005 Vater
368 2972 511 3006 schickt.
561 2972 626 3007 Die
653 2973 834 3009 Abschrift
856 2975 902 3010 ist
926 2977 1112 3022 versiegelt
1140 2980 1212 3013 und
1250 2982 1343 3024 tragt
1379 2981 1433 3016 die
1458 2982 1621 3017 Adresse.
1666 2983 1739 3017 Der
1762 2983 1860 3017 Brief

235 3030 294 3064 des
324 3030 386 3066 Eb.
412 3031 458 3065 ist
482 3031 583 3065 darin
609 3032 901 3076 eingeschlossen.
