2296 3512
1004 257 1062 262 -—
1125 234 1209 274 574
1272 257 1326 262 ·-

496 363 569 404 De
600 363 751 404 modo
784 361 1034 403 veniendi
1074 364 1123 403 et
1161 360 1446 403 obsidendi
1481 395 1488 402 .
1524 395 1532 402 .
1569 395 1576 402 .
1615 362 1686 404 De
1723 362 1875 404 modo
1908 362 1979 403 vi—

355 433 512 475 vendi
543 446 635 475 seu
666 431 910 474 morandi
944 465 952 473 .
988 464 997 473 .
1034 465 1041 472 .
1075 431 1224 474 Ueber
1255 431 1325 473 die
1359 430 1503 474 Sache
1534 432 1614 473 hat
1647 445 1695 474 er
1732 432 1980 488 weitlaufig

355 503 622 546 verhandelt
651 502 735 544 mit
767 503 867 544 dem
890 501 1084 544 sacrista
1107 501 1485 557 Maioricarum.3)
1549 501 1778 558 Scriptum
1800 502 1980 545 Melacii

355 574 515 616 ultimo
548 573 689 615 Madii
720 573 820 614 XII.
855 572 1127 615 indictionis.

498 654 587 689 CRD
617 653 747 689 10198.
799 653 857 688 Or.
884 654 966 697 Pap,
993 654 1068 697 Ssp.

357 798 454 839 374.
488 796 727 839 Christian
759 795 952 850 Spinula
984 809 1042 838 an
1072 797 1234 852 Jayme
1255 797 1341 838 IL:
1374 796 1583 840 Johanns
1606 796 1766 838 XXH.
1802 796 1981 839 Politik

357 869 626 921 gegeniiber
677 867 765 909 den
812 866 1027 920 Kiinigen
1074 867 1253 909 Robert
1300 867 1394 908 und
1440 866 1703 909 Friedrich.
1778 867 1981 910 Roberts

361 939 501 981 Plane
546 938 631 980 auf
669 938 745 981 die
787 938 1066 981 Lombardei
1110 938 1205 979 und
1247 938 1466 980 Toscana.
1528 937 1619 980 Des
1656 938 1851 992 Papstes
1893 938 1980 980 Un-

356 1010 514 1051 willen
558 1020 707 1063 gegen
738 1009 849 1051 Pisa
893 1009 987 1051 und
1019 1010 1169 1051 Lucca
1211 1020 1370 1062 wegen
1402 1009 1686 1062 Beraubung
1718 1008 1797 1050 des
1827 1009 1980 1063 papst-

356 1081 513 1122 lichen
531 1079 763 1123 Schatzes.
806 1078 965 1133 Kiinig
981 1080 1160 1121 Robert
1177 1079 1270 1121 und
1290 1079 1513 1121 deutsche
1531 1077 1744 1122 Siildner.
1788 1079 1981 1122 Pinario

963 1150 1115 1204 (1317)
1148 1151 1270 1192 Marz
1303 1150 1374 1191 26.

499 1246 627 1287 Nova
658 1245 800 1300 igitur
831 1244 944 1286 talia
976 1245 1028 1286 de
1050 1258 1208 1287 versus
1245 1244 1366 1286 curie
1395 1243 1467 1285 hic
1489 1248 1748 1295 narrantur,
1772 1243 1982 1285 videficet

359 1317 477 1371 quod
526 1329 729 1358 summus
781 1314 987 1371 pontifex
1045 1316 1102 1357 ad
1149 1315 1380 1357 dominum
1433 1328 1586 1370 regem
1640 1314 1891 1356 Robertum
1939 1315 1984 1355 et

357 1387 587 1430 dominum
620 1386 840 1429 Karolum
874 1387 926 1428 de
955 1386 1147 1428 Francia
1178 1386 1384 1428 totaliter
1416 1385 1489 1438 sit,
1531 1384 1608 1441 qui
1640 1384 1737 1426 fore
1771 1384 1983 1426 dicuntur

356 1458 592 1501 unanimes
625 1458 823 1500 etunius
856 1457 1075 1513 simplicis
1097 1457 1359 1499 voluntatis.
1413 1456 1553 1511 Papst
1578 1456 1840 1511 argwohne‚
1874 1456 1982 1498 dass

359 1530 427 1572 die
460 1530 726 1583 Rustungen
765 1529 842 1570 des
884 1528 1058 1583 Kenigs
1098 1528 1172 1570 fiir
1211 1526 1450 1570 Sardinien
1494 1541 1549 1569 zu
1582 1525 1788 1569 Gunsten
1837 1526 1982 1568 seines

356 1601 554 1643 Bruders
585 1599 818 1641 Friedrich
846 1599 1118 1654 geschehen:
1152 1598 1320 1640 Tamen
1346 1598 1443 1653 ipse
1474 1597 1682 1640 dominus
1714 1610 1834 1653 papa
1867 1597 1981 1638 bene

359 1671 577 1727 cogitavit
615 1672 658 1712 et
689 1670 862 1712 invenit
893 1670 1014 1711 viam
1048 1669 1262 1712 obviandi
1300 1669 1530 1725 predictis.
1593 1667 1716 1710 Jetzt
1747 1668 1982 1710 Verhand-

357 1743 523 1797 lungen
556 1743 634 1784 der
667 1741 825 1783 beiden
847 1741 1028 1796 Konige
1054 1740 1310 1796 angefi'ihrt,
1339 1753 1435 1782 was
1462 1752 1509 1780 er
1531 1752 1619 1781 von
1641 1739 1812 1780 Leuten
1835 1738 1981 1781 seines

357 1814 579 1868 Neapeler
610 1813 790 1855 Hauses
822 1813 944 1854 hort:
978 1812 1074 1853 Rex
1108 1811 1374 1853 Fredericus
1406 1809 1542 1852 vellet
1574 1822 1732 1864 pacem
1776 1811 1854 1850 aut
1889 1811 1978 1851 tre-

358 1898 494 1939 guam
526 1884 709 1938 longam
743 1886 787 1925 et
819 1883 1027 1925 dominus
1050 1896 1130 1924 rex
1151 1882 1377 1923 Robertus
1408 1880 1506 1922 mit
1538 1882 1748 1935 treguam
1780 1880 1977 1921 brevem.

357 1955 510 2010 Kenig
541 1956 711 1997 Robert
742 1954 907 1996 richtet
930 1953 1025 1996 sein
1049 1952 1216 1995 Sinnen
1240 1952 1321 1994 auf
1337 1951 1610 1993 Lombardei
1634 1952 1727 1992 und
1753 1950 1982 2002 Toskana3

359 2026 450 2067 und
471 2026 596 2067 hatte
620 2026 698 2067 der
720 2025 931 2080 princeps
955 2037 1217 2080 gewonnen,
1246 2025 1360 2065 statt
1381 2022 1654 2075 verloren1):
1688 2024 1834 2063 totam
1851 2022 1984 2063 Lom-

358 2096 565 2139 bardiam
606 2098 648 2137 et
685 2095 893 2138 Tusciam
934 2096 990 2137 ad
1032 2108 1164 2137 suum
1204 2093 1453 2135 dominium
1494 2092 1798 2147 subiugasset.
1867 2093 1984 2134 Nam

359 2166 505 2209 omnis
548 2167 682 2208 homo
724 2179 806 2222 pro
845 2166 976 2208 firmo
1026 2164 1237 2220 scapulas
1281 2163 1574 2219 porrexisset.
1620 2198 1627 2204 .
1671 2197 1678 2204 .
1722 2197 1729 2204 .
1771 2162 1984 2205 Summus

359 2237 562 2294 pontifex
594 2250 751 2280 versus
785 2238 976 2279 Pisanos
1010 2239 1053 2278 et
1083 2237 1290 2278 Lucanos
1324 2248 1539 2290 inagnum
1577 2233 1666 2275 fert
1698 2233 1884 2276 hodium
1918 2236 1984 2275 at—

362 2322 447 2364 que
478 2308 605 2360 velle,
640 2321 690 2351 eo
725 2309 844 2363 quod
866 2308 1131 2349 thesaurum
1158 2306 1386 2351 ecclesie2)
1412 2304 1710 2357 abstulerunt,
1740 2307 1783 2346 et
1805 2304 1985 2363 dicitur,

361 2380 480 2435 quod
512 2379 705 2420 intendit
744 2380 988 2434 procedere
1021 2377 1194 2419 duriter
1228 2379 1386 2419 contra
1423 2377 1548 2431 ipsos
1582 2378 1624 2417 et
1658 2377 1711 2417 de
1743 2375 1855 2431 ipsis
1887 2375 1984 2417 vin-

360 2450 528 2492 dictam
579 2463 819 2491 assumere.
897 2449 1177 2491 Intendimus
1226 2447 1363 2489 etiam
1412 2446 1731 2489 excellenciam
1778 2447 1981 2488 vestram

360 2520 628 2576 requisitam
659 2519 798 2562 fuisse
823 2523 900 2561 aut
926 2519 1117 2561 firmiter
1139 2518 1398 2573 requiretur
1420 2520 1657 2573 tamquam
1680 2515 1983 2568 vexillarium,

363 2591 653 2633 ammiratum
688 2593 729 2632 et
762 2590 1048 2645 capitaneum
1081 2589 1338 2644 generalem
1377 2591 1532 2631 sancte
1565 2589 1766 2630 Romane
1800 2586 1985 2629 ecclesie

361 2662 407 2704 in
440 2662 641 2703 debendo
673 2662 915 2716 procedere
949 2663 1108 2703 contra
1139 2660 1263 2715 ipsos
1299 2693 1306 2700 .
1343 2693 1350 2701 .
1388 2693 1394 2701 .
1429 2660 1622 2714 Insuper
1652 2659 1699 2700 in
1722 2658 1810 2700 hiis
1842 2656 1984 2713 parti-

431 2778 484 2805 373
504 2777 530 2822 3)
555 2778 732 2812 johannes
750 2777 929 2821 Burgundi
954 2788 1026 2810 war
1046 2778 1136 2812 1314
1162 2787 1217 2809 am
1235 2776 1291 2810 23.
1310 2776 1404 2810 Marz
1431 2787 1476 2810 an
1494 2776 1607 2819 Kenig
1625 2774 1805 2809 Friedrich
1829 2773 1984 2818 gesandt.

362 2838 444 2881 Reg.
471 2839 537 2872 33?
565 2837 591 2873 f.
619 2838 698 2871 211.

432 2896 485 2923 374
506 2896 530 2937 ¹)
556 2896 598 2929 In
624 2896 685 2929 der
711 2894 874 2929 Schlacht
900 2905 967 2928 von
992 2894 1218 2928 Montecatini
1248 2895 1335 2928 1315
1362 2895 1507 2937 August.

505 2954 530 2996 2)
557 2954 633 2999 Vgl.
661 2953 765 2988 Ehrle
797 2954 845 2987 im
870 2954 976 2988 Arch.
1004 2954 1029 2987 f.
1055 2954 1136 2992 Litt,
1164 2964 1197 2988 u.
1224 2952 1495 2997 Kirchengesch.
1522 2952 1550 2996 Ι,
1576 2951 1644 2986 235
1671 2951 1713 2984 ff.
1765 2950 1835 2984 Der
1860 2949 1985 2984 Schatz

362 3013 490 3048 befand
516 3014 590 3047 sich
615 3013 650 3046 in
676 3013 708 3047 S.
736 3013 904 3046 Frediano
931 3012 967 3046 in
992 3012 1107 3046 Lucca
1133 3012 1203 3045 und
1229 3012 1348 3045 wurde
1377 3012 1466 3046 1314
1492 3010 1707 3054 gepliindert
