2296 3512
1043 265 1356 306 —888—

390 410 448 452 pa
466 398 669 450 gravior,
686 396 928 449 begangen
945 393 1093 436 durch
1114 394 1386 435 Irreverenz
1405 402 1553 446 gegen
1575 390 1785 433 Clemens
1805 391 1873 442 V.9
1891 390 2012 432 aller

391 467 714 510 Ordensehren
745 465 942 507 beraubt
973 463 1067 506 und
1099 463 1182 506 der
1204 463 1404 505 Provinz
1436 461 1519 504 der
1542 461 1776 504 Provence
1805 460 2010 503 zuweist.

391 539 432 580 2.
449 538 589 580 Eines
616 535 818 580 Grossen
839 537 905 577 im
923 535 1091 586 (lmen,
1114 534 1198 576 der
1223 534 1318 575 ihm
1346 532 1564 586 1111110111,
1585 532 1689 574 dass
1711 531 1794 574 der
1815 530 2010 575 Ordens-

392 608 581 662 general
614 606 700 649 auf
724 606 928 649 strikten
960 604 1129 648 Befehl
1161 604 1241 646 des
1277 604 1468 658 Papstes
1507 614 1558 645 so
1590 601 1793 644 handeln
1833 602 2012 643 musste

391 678 484 721 und
517 678 593 720 die
619 676 844 721 Strafzeit
873 675 982 718 bald
1015 674 1250 718 aufhiiren
1272 673 1404 717 wird.
1467 673 1608 727 (Nach
1633 672 1745 715 1310
1770 674 1893 715 Miirz
1919 671 2010 725 30).

535 771 666 814 Mitto
688 769 811 826 regie
827 769 1071 826 magestati
1088 773 1290 811 tenorem
1314 768 1571 810 litterarum
1594 766 1805 821 magistri
1826 765 2012 817 ordinis,

391 843 437 884 in
471 842 633 897 quibus
665 841 926 896 puniamur:

533 914 584 955 In
617 912 699 954 Dei
740 911 833 953 filio
875 911 963 953 sibi
1001 910 1236 953 carissimo
1278 908 1414 951 fratri
1445 909 1578 950 Petro
1612 907 1807 949 Marsih'i
1839 906 2010 949 ordinis

392 984 586 1026 fratrum
619 982 957 1025 predicatorum
997 982 1143 1023 frater
1176 979 1441 1036 Aymericus
1482 978 1679 1021 fratrum
1712 978 1908 1020 eiusdem
1944 990 2015 1019 or-

394 1054 511 1097 dinis
542 1053 761 1109 magister
792 1053 898 1095 licet
918 1052 1130 1107 indignus
1153 1051 1346 1094 salutem
1373 1054 1417 1092 et
1439 1053 1731 1106 augmentum
1755 1048 2016 1090 continuum

395 1125 625 1168 celestium
667 1124 938 1179 graciarum.
1009 1122 1121 1165 Cum
1165 1121 1299 1177 culpa
1340 1121 1524 1176 gravior
1564 1120 1801 1171 indicetur,
1841 1132 1927 1174 que
1970 1118 2016 1159 in

394 1209 635 1253 personam
678 1194 929 1237 comittitur
970 1193 1237 1249 digniorem,
1281 1196 1325 1234 et
1356 1191 1493 1234 michi
1534 1192 1589 1233 de
1630 1190 1756 1232 curia
1797 1189 2017 1245 scriptum

395 1267 468 1319 sit,
503 1267 622 1322 quod
654 1266 843 1321 inprobe
877 1268 920 1307 et
952 1265 1116 1307 stolido
1151 1277 1203 1305 ac
1235 1263 1536 1305 irreverenter
1575 1274 1654 1304 vos
1688 1274 1796 1316 erga
1827 1259 2017 1302 sanctis-

396 1338 558 1381 simum
590 1341 767 1392 patrem
800 1349 1025 1377 summum
1048 1334 1307 1390 pontificem
1334 1332 1572 1385 habuistis,
1602 1332 1674 1374 cui
1694 1335 1874 1373 tantum
1907 1331 2017 1373 ordo

395 1408 597 1451 noscitur
640 1407 882 1462 obligatus,
924 1406 1000 1461 qui
1039 1405 1191 1458 etiam,
1232 1408 1475 1460 antequam
1517 1405 1777 1459 assumptus
1813 1404 1930 1445 esset
1962 1402 2020 1443 ad

397 1492 621 1521 summum
655 1478 827 1533 apicem
872 1476 1123 1532 dignitatis,
1168 1479 1347 1517 tantum
1380 1479 1585 1518 nostrum
1625 1473 1782 1516 dilexit
1814 1472 2018 1515 ordinem

398 1564 449 1592 ac
489 1549 736 1605 promovit,
779 1549 935 1590 nolens
977 1550 1071 1589 tam
1116 1546 1359 1589 effrenatos
1402 1559 1612 1588 excessus
1654 1545 1825 1600 absque
1867 1543 2019 1585 debita

398 1620 673 1663 correctione
705 1619 916 1670 transire,
950 1618 1223 1660 auctoritate
1245 1617 1528 1673 presencium
1552 1629 1631 1658 vos
1653 1615 1784 1671 privo
1808 1614 2017 1657 omnibus

397 1691 563 1747 graciis
596 1690 781 1742 ordinis,
824 1689 996 1733 scilicet
1034 1688 1368 1732 confessionum
1409 1686 1658 1738 audiencia,
1706 1685 2019 1742 predicacione

399 1776 449 1804 ac
491 1762 613 1804 omni
656 1775 762 1803 voce
803 1764 957 1817 preter
999 1774 1132 1816 quam
1177 1760 1222 1801 in
1267 1762 1421 1801 vestra
1462 1757 1754 1801 accusacione
1797 1770 1848 1798 ac
1879 1755 2019 1798 reddo

397 1832 689 1888 ineligibilem
742 1833 797 1874 ad
843 1832 1117 1887 prioratum,
1177 1830 1519 1886 supprioratum
1568 1832 1612 1871 et
1659 1841 1837 1871 omnem
1883 1826 2020 1868 aliam

398 1904 615 1946 vicariam
637 1917 716 1945 nec
739 1917 828 1945 non
853 1906 896 1944 et
918 1916 999 1944 vos
1021 1903 1067 1944 in
1099 1902 1308 1957 penam³>
1343 1913 1530 1943 amoveo
1553 1900 1606 1942 de
1638 1898 1873 1955 provincia
1904 1898 2020 1939 Ara-

399 1974 530 2029 gonie
563 1976 606 2015 et
638 1973 868 2029 provincie
899 1972 1136 2014 Prouincie
1169 1986 1249 2014 vos
1292 1971 1489 2026 assigno.
1553 1970 1667 2012 Volo
1703 1972 1867 2021 autem,
1902 1968 2022 2023 quod

400 2045 500 2087 sitis
522 2044 567 2086 in
588 2048 809 2087 conventu
827 2043 1113 2099 Perpinyani,
1133 2055 1366 2098 quousque
1389 2040 1682 2098 provincialis
1697 2040 1768 2081 vel
1792 2053 1874 2094 ego
1892 2038 2022 2082 vobis

399 2115 650 2172 providerit
692 2149 699 2156 .
742 2149 750 2156 .
792 2115 846 2169 Ν)
891 2114 1051 2156 Valete
1097 2114 1143 2155 in
1182 2113 1376 2155 domino.
1439 2113 1544 2154 Dat.
1583 2112 1629 2154 in
1664 2109 2023 2166 Grat[ia]nopoli

400 2184 616 2229 MCCCX.
650 2186 789 2228 tercio
822 2185 1040 2227 kalendas
1071 2184 1259 2240 Aprilis.

541 2256 706 2311 Recepi
739 2255 881 2297 eciam
914 2256 1064 2307 aliam,
1100 2269 1186 2310 que
1218 2255 1324 2297 talis
1358 2256 1444 2296 est:

540 2327 589 2368 In
616 2325 795 2369 Christo
831 2326 917 2368 sibi
945 2325 1180 2369 carissimo
1216 2328 1260 2367 et
1291 2325 1537 2367 reverendo
1569 2323 1692 2380 patri
1723 2322 1858 2365 fratri
1889 2322 2023 2364 Petro

402 2397 598 2440 Marsilii
644 2400 687 2438 et
734 2397 926 2440 salutem
976 2399 1019 2438 et
1063 2396 1209 2439 sancti
1251 2395 1438 2451 spiritus
1479 2394 1851 2437 consolacionem.
1923 2394 2023 2435 Non

401 2482 482 2512 vos
514 2468 641 2521 latet,
686 2468 806 2523 quod
838 2467 1058 2522 magister
1090 2466 1262 2509 ordinis
1306 2480 1406 2508 cum
1453 2465 1586 2507 multi
1618 2465 1767 2508 cordis
1806 2463 2024 2506 amaritu-

403 2539 504 2581 dine
537 2541 696 2581 contra
717 2550 798 2580 vos
830 2538 893 2580 sic
927 2538 1158 2591 processit.
1213 2538 1327 2579 Nam
1361 2538 1415 2578 de
1437 2536 1563 2578 curia
1595 2535 1682 2579 sibi
1708 2538 1868 2577 taxata
1898 2534 2024 2590 peni-

402 2609 565 2662 tencia,
600 2622 734 2664 quam
775 2608 901 2651 vobis
932 2607 1199 2663 imponeret,
1234 2621 1288 2650 ex
1319 2610 1450 2663 parte
1483 2606 1647 2650 summi
1678 2605 1906 2662 pontificis
1939 2605 2025 2647 fuit

403 2680 557 2723 missa.
619 2680 726 2721 Ideo
760 2679 884 2721 nullo
917 2679 1065 2730 modo,
1114 2678 1221 2734 quin
1254 2678 1319 2721 sic
1350 2677 1533 2730 faceret,
1580 2677 1730 2733 potuit
1768 2677 2022 2718 immutare.

405 2749 547 2806 Spero
577 2752 742 2803 autem,
776 2750 896 2805 quod
918 2749 1005 2791 cito
1029 2762 1109 2791 vos
1133 2749 1340 2791 dominus
1373 2748 1582 2791 salvabit.
1635 2748 1693 2790 Et
1723 2746 1890 2789 idcirco
1917 2745 2026 2788 forti

407 2821 556 2863 animo
598 2820 711 2873 sitis,
757 2820 863 2875 quia
907 2820 964 2861 ad
1008 2819 1263 2875 profectum
1296 2819 1425 2862 vobis
1468 2818 1704 2874 proveniet
1743 2817 2022 2860 meritorum.

405 2891 564 2933 Valete
597 2894 640 2933 et
671 2904 751 2933 vos
785 2891 954 2946 dirigat
995 2892 1038 2931 et
1071 2890 1328 2933 consoletur
1366 2890 1574 2932 dominus
1604 2888 1770 2932 Jhesus
1802 2886 2022 2931 Christus.

407 2963 508 3004 Dat.
544 2965 625 3003 etc.

547 3044 577 3087 ³)
601 3042 701 3087 Folgt
724 3043 853 3077 wieder
877 3053 949 3076 vos.
1001 3042 1031 3086 b)
1055 3042 1149 3076 Loch
1175 3042 1235 3076 fiir
1263 3041 1318 3076 ein
1344 3041 1458 3075 Wort.
