<?xml version="1.0" encoding="UTF-8"?>
<!DOCTYPE html PUBLIC "-//W3C//DTD XHTML 1.0 Transitional//EN"
    "http://www.w3.org/TR/xhtml1/DTD/xhtml1-transitional.dtd">
<html xmlns="http://www.w3.org/1999/xhtml" xml:lang="en" lang="en">
 <head>
  <title>
</title>
<meta http-equiv="Content-Type" content="text/html;charset=utf-8" />
  <meta name='ocr-system' content='tesseract 3.04.00' />
  <meta name='ocr-capabilities' content='ocr_page ocr_carea ocr_par ocr_line ocrx_word'/>
</head>
<body>
  <div class='ocr_page' id='page_1' title='image "./actaaragonensiaq02finkuoft_0092.png"; bbox 0 0 2296 3512; ppageno 0'>
   <div class='ocr_carea' id='block_1_1' title="bbox 1110 225 1429 266">
    <p class='ocr_par' dir='ltr' id='par_1_1' title="bbox 1110 225 1429 266">
     <span class='ocr_line' id='line_1_1' title="bbox 1110 225 1429 266; baseline 0 -1"><span class='ocrx_word' id='word_1_1' title='bbox 1110 225 1429 266; x_wconf 77' lang='lat'>—596—</span> 
     </span>
    </p>
   </div>
   <div class='ocr_carea' id='block_1_2' title="bbox 455 350 2082 1601">
    <p class='ocr_par' dir='ltr' id='par_1_2' title="bbox 455 350 2082 1601">
     <span class='ocr_line' id='line_1_2' title="bbox 455 350 2075 405; baseline -0.006 -5"><span class='ocrx_word' id='word_1_2' title='bbox 455 358 572 401; x_wconf 90' lang='lat' dir='ltr'>ciam</span> <span class='ocrx_word' id='word_1_3' title='bbox 604 355 790 399; x_wconf 88' lang='lat' dir='ltr'>honoris</span> <span class='ocrx_word' id='word_1_4' title='bbox 822 354 964 397; x_wconf 91' lang='lat' dir='ltr'>vestri</span> <span class='ocrx_word' id='word_1_5' title='bbox 997 356 1041 396; x_wconf 90' lang='lat' dir='ltr'>et</span> <span class='ocrx_word' id='word_1_6' title='bbox 1073 354 1131 396; x_wconf 91' lang='lat' dir='ltr'>ad</span> <span class='ocrx_word' id='word_1_7' title='bbox 1164 353 1353 396; x_wconf 91' lang='lat' dir='ltr'>comoda</span> <span class='ocrx_word' id='word_1_8' title='bbox 1385 351 1527 394; x_wconf 89' lang='lat' dir='ltr'>eciam</span> <span class='ocrx_word' id='word_1_9' title='bbox 1564 350 1786 405; x_wconf 89' lang='lat' dir='ltr'>ampliora</span> <span class='ocrx_word' id='word_1_10' title='bbox 1819 363 1871 392; x_wconf 90' lang='lat' dir='ltr'>ac</span> <span class='ocrx_word' id='word_1_11' title='bbox 1900 362 2075 391; x_wconf 89' lang='lat' dir='ltr'>mecum</span> 
     </span>
     <span class='ocr_line' id='line_1_3' title="bbox 456 419 2077 484; baseline -0.007 -12"><span class='ocrx_word' id='word_1_12' title='bbox 456 442 592 484; x_wconf 88' lang='lat' dir='ltr'>super</span> <span class='ocrx_word' id='word_1_13' title='bbox 612 425 846 482; x_wconf 80' lang='lat' dir='ltr'>premissis</span> <span class='ocrx_word' id='word_1_14' title='bbox 878 423 1168 467; x_wconf 78' lang='lat' dir='ltr'>familiariter</span> <span class='ocrx_word' id='word_1_15' title='bbox 1194 424 1265 466; x_wconf 89' lang='lat' dir='ltr'>sui</span> <span class='ocrx_word' id='word_1_16' title='bbox 1287 421 1443 478; x_wconf 83' lang='lat' dir='ltr'>gracia</span> <span class='ocrx_word' id='word_1_17' title='bbox 1465 420 1735 473; x_wconf 86' lang='lat' dir='ltr'>conferente,</span> <span class='ocrx_word' id='word_1_18' title='bbox 1759 419 2077 464; x_wconf 74' lang='lat' dir='ltr'>considerabat</span> 
     </span>
     <span class='ocr_line' id='line_1_4' title="bbox 456 490 2076 554; baseline -0.006 -12"><span class='ocrx_word' id='word_1_19' title='bbox 456 499 634 554; x_wconf 86' lang='lat' dir='ltr'>aperire</span> <span class='ocrx_word' id='word_1_20' title='bbox 667 497 835 539; x_wconf 90' lang='lat' dir='ltr'>eisdem</span> <span class='ocrx_word' id='word_1_21' title='bbox 867 495 1079 550; x_wconf 87' lang='lat' dir='ltr'>primitus</span> <span class='ocrx_word' id='word_1_22' title='bbox 1112 496 1264 537; x_wconf 84' lang='lat' dir='ltr'>tamen</span> <span class='ocrx_word' id='word_1_23' title='bbox 1297 507 1398 535; x_wconf 90' lang='lat' dir='ltr'>cum</span> <span class='ocrx_word' id='word_1_24' title='bbox 1425 506 1507 548; x_wconf 90' lang='lat' dir='ltr'>per</span> <span class='ocrx_word' id='word_1_25' title='bbox 1527 492 1650 546; x_wconf 90' lang='lat' dir='ltr'>ipsos</span> <span class='ocrx_word' id='word_1_26' title='bbox 1676 495 1794 534; x_wconf 90' lang='lat' dir='ltr'>esset</span> <span class='ocrx_word' id='word_1_27' title='bbox 1815 490 2076 546; x_wconf 87' lang='lat' dir='ltr'>requisitus,</span> 
     </span>
     <span class='ocr_line' id='line_1_5' title="bbox 455 560 2077 622; baseline -0.007 -10"><span class='ocrx_word' id='word_1_28' title='bbox 455 568 665 612; x_wconf 90' lang='lat' dir='ltr'>videlicet</span> <span class='ocrx_word' id='word_1_29' title='bbox 708 567 829 622; x_wconf 90' lang='lat' dir='ltr'>quod</span> <span class='ocrx_word' id='word_1_30' title='bbox 872 568 1133 608; x_wconf 78' lang='lat' dir='ltr'>remanente</span> <span class='ocrx_word' id='word_1_31' title='bbox 1164 564 1294 608; x_wconf 89' lang='lat' dir='ltr'>vobis</span> <span class='ocrx_word' id='word_1_32' title='bbox 1325 564 1467 607; x_wconf 89' lang='lat' dir='ltr'>libere</span> <span class='ocrx_word' id='word_1_33' title='bbox 1498 576 1638 617; x_wconf 90' lang='lat' dir='ltr'>regno</span> <span class='ocrx_word' id='word_1_34' title='bbox 1669 565 1822 605; x_wconf 89' lang='lat' dir='ltr'>vestro</span> <span class='ocrx_word' id='word_1_35' title='bbox 1855 560 2077 610; x_wconf 84' lang='lat' dir='ltr'>Sardinie,</span> 
     </span>
     <span class='ocr_line' id='line_1_6' title="bbox 455 631 2077 696; baseline -0.007 -13"><span class='ocrx_word' id='word_1_36' title='bbox 455 639 725 696; x_wconf 78' lang='lat' dir='ltr'>cogitarent,</span> <span class='ocrx_word' id='word_1_37' title='bbox 767 650 848 692; x_wconf 91' lang='lat' dir='ltr'>per</span> <span class='ocrx_word' id='word_1_38' title='bbox 890 650 1022 692; x_wconf 89' lang='lat' dir='ltr'>quem</span> <span class='ocrx_word' id='word_1_39' title='bbox 1062 636 1247 679; x_wconf 90' lang='lat' dir='ltr'>modum</span> <span class='ocrx_word' id='word_1_40' title='bbox 1288 633 1418 677; x_wconf 90' lang='lat' dir='ltr'>vobis</span> <span class='ocrx_word' id='word_1_41' title='bbox 1459 632 1703 676; x_wconf 79' lang='lat' dir='ltr'>satisfieret</span> <span class='ocrx_word' id='word_1_42' title='bbox 1744 634 1797 675; x_wconf 91' lang='lat' dir='ltr'>de</span> <span class='ocrx_word' id='word_1_43' title='bbox 1830 631 2077 687; x_wconf 81' lang='lat' dir='ltr'>grandibus</span> 
     </span>
     <span class='ocr_line' id='line_1_7' title="bbox 455 703 2079 765; baseline -0.005 -13"><span class='ocrx_word' id='word_1_44' title='bbox 455 709 725 765; x_wconf 80' lang='lat' dir='ltr'>sumptibus,</span> <span class='ocrx_word' id='word_1_45' title='bbox 750 721 863 762; x_wconf 89' lang='lat' dir='ltr'>quos</span> <span class='ocrx_word' id='word_1_46' title='bbox 889 720 972 762; x_wconf 92' lang='lat' dir='ltr'>pro</span> <span class='ocrx_word' id='word_1_47' title='bbox 1005 706 1351 761; x_wconf 82' lang='lat' dir='ltr'>recuperacione</span> <span class='ocrx_word' id='word_1_48' title='bbox 1384 704 1513 760; x_wconf 91' lang='lat' dir='ltr'>regni</span> <span class='ocrx_word' id='word_1_49' title='bbox 1545 703 1744 746; x_wconf 89' lang='lat' dir='ltr'>eiusdem</span> <span class='ocrx_word' id='word_1_50' title='bbox 1772 703 1923 746; x_wconf 89' lang='lat' dir='ltr'>subire</span> <span class='ocrx_word' id='word_1_51' title='bbox 1947 715 2079 757; x_wconf 94' lang='lat' dir='ltr'>opor-</span> 
     </span>
     <span class='ocr_line' id='line_1_8' title="bbox 455 772 2078 835; baseline -0.005 -13"><span class='ocrx_word' id='word_1_52' title='bbox 455 781 545 823; x_wconf 87' lang='lat' dir='ltr'>tuit</span> <span class='ocrx_word' id='word_1_53' title='bbox 589 779 764 835; x_wconf 88' lang='lat' dir='ltr'>regiam</span> <span class='ocrx_word' id='word_1_54' title='bbox 810 780 1131 834; x_wconf 82' lang='lat' dir='ltr'>magestatem,</span> <span class='ocrx_word' id='word_1_55' title='bbox 1185 775 1380 832; x_wconf 85' lang='lat' dir='ltr'>qualiter</span> <span class='ocrx_word' id='word_1_56' title='bbox 1426 774 1568 817; x_wconf 88' lang='lat' dir='ltr'>eciam</span> <span class='ocrx_word' id='word_1_57' title='bbox 1604 774 1919 828; x_wconf 85' lang='lat' dir='ltr'>provideretur</span> <span class='ocrx_word' id='word_1_58' title='bbox 1949 772 2078 815; x_wconf 91' lang='lat' dir='ltr'>vobis</span> 
     </span>
     <span class='ocr_line' id='line_1_9' title="bbox 457 844 2079 906; baseline -0.006 -12"><span class='ocrx_word' id='word_1_59' title='bbox 457 864 592 906; x_wconf 90' lang='lat' dir='ltr'>super</span> <span class='ocrx_word' id='word_1_60' title='bbox 645 850 753 893; x_wconf 89' lang='lat' dir='ltr'>dicti</span> <span class='ocrx_word' id='word_1_61' title='bbox 796 849 926 904; x_wconf 87' lang='lat' dir='ltr'>regni</span> <span class='ocrx_word' id='word_1_62' title='bbox 971 848 1221 891; x_wconf 87' lang='lat' dir='ltr'>redditibus</span> <span class='ocrx_word' id='word_1_63' title='bbox 1271 860 1298 888; x_wconf 91' lang='lat' dir='ltr'>a</span> <span class='ocrx_word' id='word_1_64' title='bbox 1341 845 1644 888; x_wconf 88' lang='lat' dir='ltr'>concessionis</span> <span class='ocrx_word' id='word_1_65' title='bbox 1690 844 1819 888; x_wconf 91' lang='lat' dir='ltr'>vobis</span> <span class='ocrx_word' id='word_1_66' title='bbox 1866 858 1946 899; x_wconf 88' lang='lat' dir='ltr'>per</span> <span class='ocrx_word' id='word_1_67' title='bbox 1990 845 2079 886; x_wconf 87' lang='lat' dir='ltr'>Ro·</span> 
     </span>
     <span class='ocr_line' id='line_1_10' title="bbox 455 913 2078 973; baseline -0.006 -9"><span class='ocrx_word' id='word_1_68' title='bbox 455 935 639 964; x_wconf 89' lang='lat' dir='ltr'>manam</span> <span class='ocrx_word' id='word_1_69' title='bbox 673 920 908 963; x_wconf 89' lang='lat' dir='ltr'>ecclesiam</span> <span class='ocrx_word' id='word_1_70' title='bbox 941 920 994 961; x_wconf 92' lang='lat' dir='ltr'>de</span> <span class='ocrx_word' id='word_1_71' title='bbox 1027 919 1145 962; x_wconf 89' lang='lat' dir='ltr'>dicto</span> <span class='ocrx_word' id='word_1_72' title='bbox 1181 930 1321 973; x_wconf 89' lang='lat' dir='ltr'>regno</span> <span class='ocrx_word' id='word_1_73' title='bbox 1356 915 1474 958; x_wconf 88' lang='lat' dir='ltr'>facte</span> <span class='ocrx_word' id='word_1_74' title='bbox 1496 919 1701 970; x_wconf 89' lang='lat' dir='ltr'>tempore</span> <span class='ocrx_word' id='word_1_75' title='bbox 1726 915 1819 956; x_wconf 91' lang='lat' dir='ltr'>iam</span> <span class='ocrx_word' id='word_1_76' title='bbox 1840 913 2078 969; x_wconf 81' lang='lat' dir='ltr'>preceptis,</span> 
     </span>
     <span class='ocr_line' id='line_1_11' title="bbox 457 986 2080 1046; baseline -0.004 -12"><span class='ocrx_word' id='word_1_77' title='bbox 457 1007 559 1035; x_wconf 91' lang='lat' dir='ltr'>cum</span> <span class='ocrx_word' id='word_1_78' title='bbox 599 993 652 1034; x_wconf 92' lang='lat' dir='ltr'>de</span> <span class='ocrx_word' id='word_1_79' title='bbox 684 991 796 1033; x_wconf 88' lang='lat' dir='ltr'>iuris</span> <span class='ocrx_word' id='word_1_80' title='bbox 828 991 981 1046; x_wconf 90' lang='lat' dir='ltr'>rigore</span> <span class='ocrx_word' id='word_1_81' title='bbox 1014 991 1067 1032; x_wconf 92' lang='lat' dir='ltr'>de</span> <span class='ocrx_word' id='word_1_82' title='bbox 1098 987 1401 1044; x_wconf 87' lang='lat' dir='ltr'>percipiendis</span> <span class='ocrx_word' id='word_1_83' title='bbox 1424 987 1561 1028; x_wconf 88' lang='lat' dir='ltr'>etiam</span> <span class='ocrx_word' id='word_1_84' title='bbox 1584 988 1838 1037; x_wconf 90' lang='lat' dir='ltr'>teneantur,</span> <span class='ocrx_word' id='word_1_85' title='bbox 1873 986 2080 1040; x_wconf 85' lang='lat' dir='ltr'>quodque</span> 
     </span>
     <span class='ocr_line' id='line_1_12' title="bbox 456 1056 2080 1111; baseline -0.005 -6"><span class='ocrx_word' id='word_1_86' title='bbox 456 1063 503 1105; x_wconf 92' lang='lat' dir='ltr'>in</span> <span class='ocrx_word' id='word_1_87' title='bbox 537 1061 951 1104; x_wconf 87' lang='lat' dir='ltr'>consideracionem</span> <span class='ocrx_word' id='word_1_88' title='bbox 982 1062 1161 1102; x_wconf 91' lang='lat' dir='ltr'>mature</span> <span class='ocrx_word' id='word_1_89' title='bbox 1194 1059 1468 1101; x_wconf 88' lang='lat' dir='ltr'>deducerent</span> <span class='ocrx_word' id='word_1_90' title='bbox 1501 1058 1699 1111; x_wconf 88' lang='lat' dir='ltr'>dampna</span> <span class='ocrx_word' id='word_1_91' title='bbox 1730 1056 1913 1098; x_wconf 88' lang='lat' dir='ltr'>incussa</span> <span class='ocrx_word' id='word_1_92' title='bbox 1945 1058 2080 1110; x_wconf 84' lang='lat' dir='ltr'>atque</span> 
     </span>
     <span class='ocr_line' id='line_1_13' title="bbox 455 1126 2080 1185; baseline -0.005 -9"><span class='ocrx_word' id='word_1_93' title='bbox 455 1134 587 1176; x_wconf 89' lang='lat' dir='ltr'>illata</span> <span class='ocrx_word' id='word_1_94' title='bbox 633 1136 676 1175; x_wconf 90' lang='lat' dir='ltr'>et</span> <span class='ocrx_word' id='word_1_95' title='bbox 709 1132 846 1174; x_wconf 90' lang='lat' dir='ltr'>etiam</span> <span class='ocrx_word' id='word_1_96' title='bbox 878 1131 1082 1183; x_wconf 88' lang='lat' dir='ltr'>iniurias,</span> <span class='ocrx_word' id='word_1_97' title='bbox 1130 1142 1323 1185; x_wconf 88' lang='lat' dir='ltr'>quorum</span> <span class='ocrx_word' id='word_1_98' title='bbox 1355 1127 1615 1171; x_wconf 83' lang='lat' dir='ltr'>satisfaccio</span> <span class='ocrx_word' id='word_1_99' title='bbox 1649 1127 1730 1170; x_wconf 91' lang='lat' dir='ltr'>sub</span> <span class='ocrx_word' id='word_1_100' title='bbox 1764 1126 1936 1182; x_wconf 88' lang='lat' dir='ltr'>vigoris</span> <span class='ocrx_word' id='word_1_101' title='bbox 1968 1126 2080 1169; x_wconf 87' lang='lat' dir='ltr'>iuris</span> 
     </span>
     <span class='ocr_line' id='line_1_14' title="bbox 457 1198 2079 1255; baseline -0.004 -9"><span class='ocrx_word' id='word_1_102' title='bbox 457 1203 664 1247; x_wconf 81' lang='lat' dir='ltr'>examine</span> <span class='ocrx_word' id='word_1_103' title='bbox 694 1203 1001 1255; x_wconf 88' lang='lat' dir='ltr'>includuntur,</span> <span class='ocrx_word' id='word_1_104' title='bbox 1039 1201 1131 1254; x_wconf 90' lang='lat' dir='ltr'>ubi,</span> <span class='ocrx_word' id='word_1_105' title='bbox 1177 1201 1297 1255; x_wconf 86' lang='lat' dir='ltr'>quod</span> <span class='ocrx_word' id='word_1_106' title='bbox 1340 1199 1473 1251; x_wconf 90' lang='lat' dir='ltr'>absit,</span> <span class='ocrx_word' id='word_1_107' title='bbox 1515 1201 1565 1240; x_wconf 90' lang='lat' dir='ltr'>ut</span> <span class='ocrx_word' id='word_1_108' title='bbox 1604 1199 1697 1240; x_wconf 88' lang='lat' dir='ltr'>iam</span> <span class='ocrx_word' id='word_1_109' title='bbox 1737 1198 1967 1252; x_wconf 89' lang='lat' dir='ltr'>inceptum</span> <span class='ocrx_word' id='word_1_110' title='bbox 1999 1200 2079 1250; x_wconf 89' lang='lat' dir='ltr'>est,</span> 
     </span>
     <span class='ocr_line' id='line_1_15' title="bbox 457 1268 2082 1329; baseline -0.005 -12"><span class='ocrx_word' id='word_1_111' title='bbox 457 1275 605 1329; x_wconf 86' lang='lat' dir='ltr'>rigido</span> <span class='ocrx_word' id='word_1_112' title='bbox 630 1276 674 1316; x_wconf 89' lang='lat' dir='ltr'>et</span> <span class='ocrx_word' id='word_1_113' title='bbox 694 1273 852 1316; x_wconf 82' lang='lat' dir='ltr'>hostili</span> <span class='ocrx_word' id='word_1_114' title='bbox 882 1273 1016 1315; x_wconf 91' lang='lat' dir='ltr'>modo</span> <span class='ocrx_word' id='word_1_115' title='bbox 1048 1271 1278 1327; x_wconf 87' lang='lat' dir='ltr'>procedat.</span> <span class='ocrx_word' id='word_1_116' title='bbox 1353 1268 1706 1313; x_wconf 87' lang='lat' dir='ltr'>Considerarent</span> <span class='ocrx_word' id='word_1_117' title='bbox 1738 1282 1928 1324; x_wconf 82' lang='lat' dir='ltr'>quoque,</span> <span class='ocrx_word' id='word_1_118' title='bbox 1962 1269 2082 1323; x_wconf 87' lang='lat' dir='ltr'>quod</span> 
     </span>
     <span class='ocr_line' id='line_1_16' title="bbox 457 1338 2082 1398; baseline -0.005 -10"><span class='ocrx_word' id='word_1_119' title='bbox 457 1346 599 1388; x_wconf 87' lang='lat' dir='ltr'>vestri</span> <span class='ocrx_word' id='word_1_120' title='bbox 622 1344 792 1388; x_wconf 89' lang='lat' dir='ltr'>subditi</span> <span class='ocrx_word' id='word_1_121' title='bbox 813 1345 929 1386; x_wconf 84' lang='lat' dir='ltr'>hanc</span> <span class='ocrx_word' id='word_1_122' title='bbox 950 1342 1205 1398; x_wconf 89' lang='lat' dir='ltr'>imprisiam</span> <span class='ocrx_word' id='word_1_123' title='bbox 1229 1343 1283 1384; x_wconf 92' lang='lat' dir='ltr'>de</span> <span class='ocrx_word' id='word_1_124' title='bbox 1306 1341 1436 1384; x_wconf 89' lang='lat' dir='ltr'>bonis</span> <span class='ocrx_word' id='word_1_125' title='bbox 1471 1354 1625 1383; x_wconf 90' lang='lat' dir='ltr'>eorum</span> <span class='ocrx_word' id='word_1_126' title='bbox 1646 1340 1845 1396; x_wconf 89' lang='lat' dir='ltr'>propriis</span> <span class='ocrx_word' id='word_1_127' title='bbox 1866 1338 2082 1394; x_wconf 89' lang='lat' dir='ltr'>perficere</span> 
     </span>
     <span class='ocr_line' id='line_1_17' title="bbox 459 1410 2080 1471; baseline -0.005 -12"><span class='ocrx_word' id='word_1_128' title='bbox 459 1417 816 1471; x_wconf 86' lang='lat' dir='ltr'>assumpserunt.</span> <span class='ocrx_word' id='word_1_129' title='bbox 900 1413 1045 1469; x_wconf 84' lang='lat' dir='ltr'>Super</span> <span class='ocrx_word' id='word_1_130' title='bbox 1088 1413 1251 1468; x_wconf 89' lang='lat' dir='ltr'>quibus</span> <span class='ocrx_word' id='word_1_131' title='bbox 1300 1412 1509 1455; x_wconf 91' lang='lat' dir='ltr'>omnibus</span> <span class='ocrx_word' id='word_1_132' title='bbox 1556 1410 1698 1462; x_wconf 90' lang='lat' dir='ltr'>omni,</span> <span class='ocrx_word' id='word_1_133' title='bbox 1752 1422 1839 1464; x_wconf 87' lang='lat' dir='ltr'>quo</span> <span class='ocrx_word' id='word_1_134' title='bbox 1887 1412 2080 1464; x_wconf 90' lang='lat' dir='ltr'>poterat,</span> 
     </span>
     <span class='ocr_line' id='line_1_18' title="bbox 459 1480 2082 1541; baseline -0.005 -11"><span class='ocrx_word' id='word_1_135' title='bbox 459 1487 623 1530; x_wconf 89' lang='lat' dir='ltr'>affectu</span> <span class='ocrx_word' id='word_1_136' title='bbox 680 1500 763 1541; x_wconf 89' lang='lat' dir='ltr'>pro</span> <span class='ocrx_word' id='word_1_137' title='bbox 812 1486 875 1529; x_wconf 91' lang='lat' dir='ltr'>eis</span> <span class='ocrx_word' id='word_1_138' title='bbox 923 1484 1106 1540; x_wconf 91' lang='lat' dir='ltr'>pulsare</span> <span class='ocrx_word' id='word_1_139' title='bbox 1155 1484 1212 1526; x_wconf 90' lang='lat' dir='ltr'>ad</span> <span class='ocrx_word' id='word_1_140' title='bbox 1262 1483 1446 1525; x_wconf 88' lang='lat' dir='ltr'>ianuam</span> <span class='ocrx_word' id='word_1_141' title='bbox 1489 1481 1800 1525; x_wconf 89' lang='lat' dir='ltr'>misericordie</span> <span class='ocrx_word' id='word_1_142' title='bbox 1846 1480 1969 1536; x_wconf 89' lang='lat' dir='ltr'>regie</span> <span class='ocrx_word' id='word_1_143' title='bbox 2016 1480 2082 1522; x_wconf 91' lang='grc'><strong>111-</strong></span> 
     </span>
     <span class='ocr_line' id='line_1_19' title="bbox 458 1558 686 1601; baseline -0.009 0"><span class='ocrx_word' id='word_1_144' title='bbox 458 1558 686 1601; x_wconf 90' lang='lat' dir='ltr'>tendebat.</span> 
     </span>
    </p>
   </div>
   <div class='ocr_carea' id='block_1_3' title="bbox 458 1645 2086 3048">
    <p class='ocr_par' dir='ltr' id='par_1_3' title="bbox 458 1645 2086 3048">
     <span class='ocr_line' id='line_1_20' title="bbox 600 1645 2082 1704; baseline -0.005 -9"><span class='ocrx_word' id='word_1_145' title='bbox 600 1652 702 1695; x_wconf 90' lang='lat' dir='ltr'>Hiis</span> <span class='ocrx_word' id='word_1_146' title='bbox 749 1651 903 1704; x_wconf 82' lang='lat' dir='ltr'>itaque</span> <span class='ocrx_word' id='word_1_147' title='bbox 950 1649 1016 1692; x_wconf 91' lang='lat' dir='ltr'>sic</span> <span class='ocrx_word' id='word_1_148' title='bbox 1061 1649 1108 1691; x_wconf 91' lang='lat' dir='ltr'>in</span> <span class='ocrx_word' id='word_1_149' title='bbox 1156 1647 1502 1691; x_wconf 86' lang='lat' dir='ltr'>deliberacionis</span> <span class='ocrx_word' id='word_1_150' title='bbox 1550 1649 1722 1689; x_wconf 90' lang='lat' dir='ltr'>statera</span> <span class='ocrx_word' id='word_1_151' title='bbox 1768 1645 2082 1700; x_wconf 86' lang='lat' dir='ltr'>pendentibus,</span> 
     </span>
     <span class='ocr_line' id='line_1_21' title="bbox 458 1716 2085 1773; baseline -0.004 -8"><span class='ocrx_word' id='word_1_152' title='bbox 458 1723 547 1766; x_wconf 82' lang='lat' dir='ltr'>fuit</span> <span class='ocrx_word' id='word_1_153' title='bbox 580 1722 714 1765; x_wconf 91' lang='lat' dir='ltr'>amici</span> <span class='ocrx_word' id='word_1_154' title='bbox 745 1721 887 1764; x_wconf 87' lang='lat' dir='ltr'>vestri</span> <span class='ocrx_word' id='word_1_155' title='bbox 920 1720 1105 1763; x_wconf 89' lang='lat' dir='ltr'>auribus</span> <span class='ocrx_word' id='word_1_156' title='bbox 1138 1719 1425 1771; x_wconf 87' lang='lat' dir='ltr'>instillatum,</span> <span class='ocrx_word' id='word_1_157' title='bbox 1475 1718 1595 1773; x_wconf 89' lang='lat' dir='ltr'>quod</span> <span class='ocrx_word' id='word_1_158' title='bbox 1628 1717 1964 1760; x_wconf 87' lang='lat' dir='ltr'>considerantes</span> <span class='ocrx_word' id='word_1_159' title='bbox 1996 1716 2085 1771; x_wconf 88' lang='lat' dir='ltr'>ipsi</span> 
     </span>
     <span class='ocr_line' id='line_1_22' title="bbox 459 1788 2083 1846; baseline -0.005 -9"><span class='ocrx_word' id='word_1_160' title='bbox 459 1794 800 1837; x_wconf 87' lang='lat' dir='ltr'>ambaxiatores</span> <span class='ocrx_word' id='word_1_161' title='bbox 823 1791 990 1844; x_wconf 90' lang='lat' dir='ltr'>Pisani,</span> <span class='ocrx_word' id='word_1_162' title='bbox 1019 1791 1139 1846; x_wconf 89' lang='lat' dir='ltr'>quod</span> <span class='ocrx_word' id='word_1_163' title='bbox 1160 1789 1460 1832; x_wconf 87' lang='lat' dir='ltr'>favorabilius</span> <span class='ocrx_word' id='word_1_164' title='bbox 1484 1801 1566 1843; x_wconf 90' lang='lat' dir='ltr'>pro</span> <span class='ocrx_word' id='word_1_165' title='bbox 1590 1788 1653 1830; x_wconf 91' lang='lat' dir='ltr'>eis</span> <span class='ocrx_word' id='word_1_166' title='bbox 1677 1791 1788 1841; x_wconf 89' lang='lat' dir='ltr'>erat,</span> <span class='ocrx_word' id='word_1_167' title='bbox 1823 1788 1943 1843; x_wconf 87' lang='lat' dir='ltr'>quod</span> <span class='ocrx_word' id='word_1_168' title='bbox 1964 1789 2083 1829; x_wconf 85' lang='lat' dir='ltr'>trac-</span> 
     </span>
     <span class='ocr_line' id='line_1_23' title="bbox 460 1859 2084 1920; baseline -0.004 -13"><span class='ocrx_word' id='word_1_169' title='bbox 460 1868 584 1907; x_wconf 88' lang='lat' dir='ltr'>tatus</span> <span class='ocrx_word' id='word_1_170' title='bbox 615 1864 713 1920; x_wconf 90' lang='lat' dir='ltr'>ipse</span> <span class='ocrx_word' id='word_1_171' title='bbox 745 1877 827 1919; x_wconf 90' lang='lat' dir='ltr'>per</span> <span class='ocrx_word' id='word_1_172' title='bbox 858 1876 1085 1906; x_wconf 91' lang='lat' dir='ltr'>summum</span> <span class='ocrx_word' id='word_1_173' title='bbox 1117 1860 1378 1918; x_wconf 87' lang='lat' dir='ltr'>pontificem</span> <span class='ocrx_word' id='word_1_174' title='bbox 1411 1861 1684 1911; x_wconf 86' lang='lat' dir='ltr'>assumatur,</span> <span class='ocrx_word' id='word_1_175' title='bbox 1710 1872 1760 1900; x_wconf 91' lang='lat' dir='ltr'>eo</span> <span class='ocrx_word' id='word_1_176' title='bbox 1785 1859 1905 1914; x_wconf 87' lang='lat' dir='ltr'>quod</span> <span class='ocrx_word' id='word_1_177' title='bbox 1929 1871 2084 1900; x_wconf 90' lang='lat' dir='ltr'>eorum</span> 
     </span>
     <span class='ocr_line' id='line_1_24' title="bbox 461 1929 2084 1989; baseline -0.004 -11"><span class='ocrx_word' id='word_1_178' title='bbox 461 1936 650 1978; x_wconf 82' lang='lat' dir='ltr'>comoda</span> <span class='ocrx_word' id='word_1_179' title='bbox 691 1938 844 1977; x_wconf 89' lang='lat' dir='ltr'>tenere</span> <span class='ocrx_word' id='word_1_180' title='bbox 886 1935 1036 1989; x_wconf 89' lang='lat' dir='ltr'>gestat</span> <span class='ocrx_word' id='word_1_181' title='bbox 1076 1932 1122 1974; x_wconf 92' lang='lat' dir='ltr'>in</span> <span class='ocrx_word' id='word_1_182' title='bbox 1165 1932 1315 1974; x_wconf 91' lang='lat' dir='ltr'>animo</span> <span class='ocrx_word' id='word_1_183' title='bbox 1359 1934 1415 1983; x_wconf 88' lang='grc'>01,</span> <span class='ocrx_word' id='word_1_184' title='bbox 1459 1932 1679 1986; x_wconf 89' lang='lat' dir='ltr'>quantum</span> <span class='ocrx_word' id='word_1_185' title='bbox 1710 1932 1874 1985; x_wconf 84' lang='lat' dir='ltr'>potest,</span> <span class='ocrx_word' id='word_1_186' title='bbox 1908 1929 2084 1972; x_wconf 91' lang='lat' dir='ltr'>curiose</span> 
     </span>
     <span class='ocr_line' id='line_1_25' title="bbox 460 2000 2083 2063; baseline -0.003 -15"><span class='ocrx_word' id='word_1_187' title='bbox 460 2008 690 2063; x_wconf 84' lang='lat' dir='ltr'>procurat,</span> <span class='ocrx_word' id='word_1_188' title='bbox 726 2008 862 2061; x_wconf 87' lang='lat' dir='ltr'>prout</span> <span class='ocrx_word' id='word_1_189' title='bbox 902 2006 1127 2046; x_wconf 89' lang='lat' dir='ltr'>tractatus</span> <span class='ocrx_word' id='word_1_190' title='bbox 1170 2002 1408 2045; x_wconf 84' lang='lat' dir='ltr'>concordie</span> <span class='ocrx_word' id='word_1_191' title='bbox 1448 2001 1759 2053; x_wconf 85' lang='lat' dir='ltr'>Januensium,</span> <span class='ocrx_word' id='word_1_192' title='bbox 1799 2000 1879 2055; x_wconf 90' lang='lat' dir='ltr'>qui</span> <span class='ocrx_word' id='word_1_193' title='bbox 1910 2000 1956 2041; x_wconf 91' lang='lat' dir='ltr'>in</span> <span class='ocrx_word' id='word_1_194' title='bbox 1989 2000 2083 2043; x_wconf 90' lang='lat' dir='ltr'>eius</span> 
     </span>
     <span class='ocr_line' id='line_1_26' title="bbox 462 2070 2084 2126; baseline -0.004 -7"><span class='ocrx_word' id='word_1_195' title='bbox 462 2076 670 2120; x_wconf 84' lang='lat' dir='ltr'>continue</span> <span class='ocrx_word' id='word_1_196' title='bbox 702 2078 912 2118; x_wconf 89' lang='lat' dir='ltr'>teruntur</span> <span class='ocrx_word' id='word_1_197' title='bbox 943 2074 1177 2126; x_wconf 90' lang='lat' dir='ltr'>mortario,</span> <span class='ocrx_word' id='word_1_198' title='bbox 1213 2078 1255 2116; x_wconf 92' lang='lat' dir='ltr'>et</span> <span class='ocrx_word' id='word_1_199' title='bbox 1288 2073 1432 2115; x_wconf 89' lang='lat' dir='ltr'>multa</span> <span class='ocrx_word' id='word_1_200' title='bbox 1466 2072 1556 2114; x_wconf 89' lang='lat' dir='ltr'>alia</span> <span class='ocrx_word' id='word_1_201' title='bbox 1578 2071 1709 2126; x_wconf 90' lang='lat' dir='ltr'>signa</span> <span class='ocrx_word' id='word_1_202' title='bbox 1732 2072 1919 2113; x_wconf 90' lang='lat' dir='ltr'>edocent</span> <span class='ocrx_word' id='word_1_203' title='bbox 1940 2070 2084 2113; x_wconf 90' lang='lat' dir='ltr'>mani-</span> 
     </span>
     <span class='ocr_line' id='line_1_27' title="bbox 461 2141 2085 2202; baseline -0.004 -12"><span class='ocrx_word' id='word_1_204' title='bbox 461 2147 592 2200; x_wconf 87' lang='lat' dir='ltr'>festa,</span> <span class='ocrx_word' id='word_1_205' title='bbox 636 2148 757 2202; x_wconf 88' lang='lat' dir='ltr'>quod</span> <span class='ocrx_word' id='word_1_206' title='bbox 796 2159 878 2202; x_wconf 89' lang='lat' dir='ltr'>per</span> <span class='ocrx_word' id='word_1_207' title='bbox 918 2147 1068 2202; x_wconf 88' lang='lat' dir='ltr'>ipsum</span> <span class='ocrx_word' id='word_1_208' title='bbox 1109 2158 1336 2189; x_wconf 89' lang='lat' dir='ltr'>summum</span> <span class='ocrx_word' id='word_1_209' title='bbox 1378 2142 1636 2199; x_wconf 90' lang='lat' dir='ltr'>pontificem</span> <span class='ocrx_word' id='word_1_210' title='bbox 1680 2142 1817 2184; x_wconf 90' lang='lat' dir='ltr'>scribi</span> <span class='ocrx_word' id='word_1_211' title='bbox 1850 2141 2085 2184; x_wconf 89' lang='lat' dir='ltr'>serenitati</span> 
     </span>
     <span class='ocr_line' id='line_1_28' title="bbox 464 2213 2084 2273; baseline -0.003 -14"><span class='ocrx_word' id='word_1_212' title='bbox 464 2221 611 2261; x_wconf 84' lang='lat' dir='ltr'>vestre</span> <span class='ocrx_word' id='word_1_213' title='bbox 643 2230 779 2273; x_wconf 88' lang='lat' dir='ltr'>super</span> <span class='ocrx_word' id='word_1_214' title='bbox 810 2217 910 2273; x_wconf 91' lang='lat' dir='ltr'>ipso</span> <span class='ocrx_word' id='word_1_215' title='bbox 942 2219 1144 2259; x_wconf 89' lang='lat' dir='ltr'>tractatu</span> <span class='ocrx_word' id='word_1_216' title='bbox 1177 2214 1413 2257; x_wconf 87' lang='lat' dir='ltr'>concordie</span> <span class='ocrx_word' id='word_1_217' title='bbox 1445 2217 1762 2269; x_wconf 87' lang='lat' dir='ltr'>procurarunt.</span> <span class='ocrx_word' id='word_1_218' title='bbox 1824 2213 1881 2254; x_wconf 91' lang='lat' dir='ltr'>Et</span> <span class='ocrx_word' id='word_1_219' title='bbox 1909 2213 1962 2255; x_wconf 91' lang='lat' dir='ltr'>de</span> <span class='ocrx_word' id='word_1_220' title='bbox 1982 2226 2084 2269; x_wconf 90' lang='lat' dir='ltr'>pre-</span> 
     </span>
     <span class='ocr_line' id='line_1_29' title="bbox 463 2284 2084 2340; baseline -0.004 -9"><span class='ocrx_word' id='word_1_221' title='bbox 463 2288 614 2332; x_wconf 89' lang='lat' dir='ltr'>missis</span> <span class='ocrx_word' id='word_1_222' title='bbox 657 2289 802 2331; x_wconf 89' lang='lat' dir='ltr'>dictus</span> <span class='ocrx_word' id='word_1_223' title='bbox 845 2288 1016 2330; x_wconf 84' lang='lat' dir='ltr'>amicus</span> <span class='ocrx_word' id='word_1_224' title='bbox 1057 2288 1109 2330; x_wconf 89' lang='lat' dir='ltr'>de</span> <span class='ocrx_word' id='word_1_225' title='bbox 1147 2300 1225 2329; x_wconf 92' lang='lat' dir='ltr'>ore</span> <span class='ocrx_word' id='word_1_226' title='bbox 1258 2300 1414 2329; x_wconf 89' lang='lat' dir='ltr'>eorum</span> <span class='ocrx_word' id='word_1_227' title='bbox 1448 2288 1577 2327; x_wconf 90' lang='lat' dir='ltr'>caute</span> <span class='ocrx_word' id='word_1_228' title='bbox 1614 2284 1716 2327; x_wconf 88' lang='lat' dir='ltr'>fecit</span> <span class='ocrx_word' id='word_1_229' title='bbox 1749 2285 1903 2340; x_wconf 87' lang='lat' dir='ltr'>aliqua</span> <span class='ocrx_word' id='word_1_230' title='bbox 1936 2285 2084 2325; x_wconf 86' lang='lat' dir='ltr'>extor-</span> 
     </span>
     <span class='ocr_line' id='line_1_30' title="bbox 461 2354 2085 2415; baseline -0.002 -15"><span class='ocrx_word' id='word_1_231' title='bbox 461 2359 605 2415; x_wconf 84' lang='lat' dir='ltr'>queri,</span> <span class='ocrx_word' id='word_1_232' title='bbox 638 2359 743 2401; x_wconf 91' lang='lat' dir='ltr'>licet</span> <span class='ocrx_word' id='word_1_233' title='bbox 772 2359 880 2401; x_wconf 87' lang='lat' dir='ltr'>dicti</span> <span class='ocrx_word' id='word_1_234' title='bbox 904 2358 1240 2401; x_wconf 86' lang='lat' dir='ltr'>ambaxiatores</span> <span class='ocrx_word' id='word_1_235' title='bbox 1274 2357 1483 2407; x_wconf 76' lang='lat' dir='ltr'>dixerint,</span> <span class='ocrx_word' id='word_1_236' title='bbox 1518 2357 1639 2411; x_wconf 90' lang='lat' dir='ltr'>quod</span> <span class='ocrx_word' id='word_1_237' title='bbox 1660 2369 1742 2412; x_wconf 90' lang='lat' dir='ltr'>per</span> <span class='ocrx_word' id='word_1_238' title='bbox 1766 2368 1841 2398; x_wconf 90' lang='lat' dir='ltr'>eos</span> <span class='ocrx_word' id='word_1_239' title='bbox 1863 2354 1928 2396; x_wconf 90' lang='lat' dir='ltr'>nil</span> <span class='ocrx_word' id='word_1_240' title='bbox 1950 2367 2085 2410; x_wconf 90' lang='lat' dir='ltr'>super</span> 
     </span>
     <span class='ocr_line' id='line_1_31' title="bbox 463 2426 2086 2483; baseline -0.003 -12"><span class='ocrx_word' id='word_1_241' title='bbox 463 2430 551 2473; x_wconf 89' lang='lat' dir='ltr'>hiis</span> <span class='ocrx_word' id='word_1_242' title='bbox 588 2432 760 2471; x_wconf 90' lang='lat' dir='ltr'>tactum</span> <span class='ocrx_word' id='word_1_243' title='bbox 798 2429 935 2471; x_wconf 86' lang='lat' dir='ltr'>fuerit</span> <span class='ocrx_word' id='word_1_244' title='bbox 972 2443 1073 2472; x_wconf 89' lang='lat' dir='ltr'>cum</span> <span class='ocrx_word' id='word_1_245' title='bbox 1105 2441 1280 2472; x_wconf 89' lang='lat' dir='ltr'>summo</span> <span class='ocrx_word' id='word_1_246' title='bbox 1313 2427 1538 2483; x_wconf 90' lang='lat' dir='ltr'>pontifice.</span> <span class='ocrx_word' id='word_1_247' title='bbox 1602 2428 1660 2469; x_wconf 92' lang='lat' dir='ltr'>Et</span> <span class='ocrx_word' id='word_1_248' title='bbox 1691 2426 1731 2469; x_wconf 92' lang='lat' dir='ltr'>si</span> <span class='ocrx_word' id='word_1_249' title='bbox 1761 2428 1933 2468; x_wconf 89' lang='lat' dir='ltr'>tactum</span> <span class='ocrx_word' id='word_1_250' title='bbox 1968 2427 2086 2468; x_wconf 90' lang='lat' dir='ltr'>esset</span> 
     </span>
     <span class='ocr_line' id='line_1_32' title="bbox 463 2495 2083 2556; baseline -0.003 -14"><span class='ocrx_word' id='word_1_251' title='bbox 463 2499 652 2556; x_wconf 87' lang='lat' dir='ltr'>aliquid,</span> <span class='ocrx_word' id='word_1_252' title='bbox 685 2499 967 2551; x_wconf 89' lang='lat' dir='ltr'>dubitabant,</span> <span class='ocrx_word' id='word_1_253' title='bbox 1001 2500 1122 2555; x_wconf 90' lang='lat' dir='ltr'>quod</span> <span class='ocrx_word' id='word_1_254' title='bbox 1147 2501 1320 2541; x_wconf 90' lang='lat' dir='ltr'>tactum</span> <span class='ocrx_word' id='word_1_255' title='bbox 1354 2501 1472 2541; x_wconf 89' lang='lat' dir='ltr'>esset</span> <span class='ocrx_word' id='word_1_256' title='bbox 1504 2511 1585 2554; x_wconf 92' lang='lat' dir='ltr'>per</span> <span class='ocrx_word' id='word_1_257' title='bbox 1617 2498 1839 2540; x_wconf 91' lang='lat' dir='ltr'>sindicum</span> <span class='ocrx_word' id='word_1_258' title='bbox 1872 2495 2083 2548; x_wconf 89' lang='lat' dir='ltr'>civitatis,</span> 
     </span>
     <span class='ocr_line' id='line_1_33' title="bbox 462 2565 2084 2627; baseline -0.004 -15"><span class='ocrx_word' id='word_1_259' title='bbox 462 2571 543 2627; x_wconf 86' lang='lat' dir='ltr'>qui</span> <span class='ocrx_word' id='word_1_260' title='bbox 591 2570 798 2612; x_wconf 89' lang='lat' dir='ltr'>continue</span> <span class='ocrx_word' id='word_1_261' title='bbox 845 2573 1052 2612; x_wconf 89' lang='lat' dir='ltr'>moratur</span> <span class='ocrx_word' id='word_1_262' title='bbox 1097 2570 1144 2612; x_wconf 89' lang='lat' dir='ltr'>in</span> <span class='ocrx_word' id='word_1_263' title='bbox 1193 2569 1330 2612; x_wconf 89' lang='lat' dir='ltr'>curia.</span> <span class='ocrx_word' id='word_1_264' title='bbox 1400 2569 1457 2610; x_wconf 89' lang='lat' dir='ltr'>Et</span> <span class='ocrx_word' id='word_1_265' title='bbox 1505 2571 1625 2611; x_wconf 89' lang='lat' dir='ltr'>certe</span> <span class='ocrx_word' id='word_1_266' title='bbox 1667 2581 1758 2610; x_wconf 91' lang='grc'><strong>11011</strong></span> <span class='ocrx_word' id='word_1_267' title='bbox 1804 2567 1966 2610; x_wconf 86' lang='lat' dir='ltr'>fuisset</span> <span class='ocrx_word' id='word_1_268' title='bbox 2009 2565 2084 2607; x_wconf 90' lang='lat' dir='ltr'>ille</span> 
     </span>
     <span class='ocr_line' id='line_1_34' title="bbox 464 2636 2083 2697; baseline -0.004 -13"><span class='ocrx_word' id='word_1_269' title='bbox 464 2654 603 2684; x_wconf 88' lang='lat' dir='ltr'>ausus</span> <span class='ocrx_word' id='word_1_270' title='bbox 643 2653 726 2697; x_wconf 89' lang='lat' dir='ltr'>pro</span> <span class='ocrx_word' id='word_1_271' title='bbox 766 2640 895 2682; x_wconf 90' lang='lat' dir='ltr'>oculo</span> <span class='ocrx_word' id='word_1_272' title='bbox 929 2641 1143 2696; x_wconf 88' lang='lat' dir='ltr'>quicquid</span> <span class='ocrx_word' id='word_1_273' title='bbox 1177 2640 1365 2696; x_wconf 86' lang='lat' dir='ltr'>aggredi</span> <span class='ocrx_word' id='word_1_274' title='bbox 1396 2639 1509 2695; x_wconf 88' lang='lat' dir='ltr'>ipsis</span> <span class='ocrx_word' id='word_1_275' title='bbox 1541 2639 1587 2681; x_wconf 88' lang='lat' dir='ltr'>in</span> <span class='ocrx_word' id='word_1_276' title='bbox 1620 2638 1746 2681; x_wconf 89' lang='lat' dir='ltr'>curia</span> <span class='ocrx_word' id='word_1_277' title='bbox 1774 2636 2083 2689; x_wconf 82' lang='lat' dir='ltr'>existentibus,</span> 
     </span>
     <span class='ocr_line' id='line_1_35' title="bbox 463 2706 2083 2764; baseline -0.004 -10"><span class='ocrx_word' id='word_1_278' title='bbox 463 2712 561 2755; x_wconf 87' lang='lat' dir='ltr'>sine</span> <span class='ocrx_word' id='word_1_279' title='bbox 588 2712 803 2754; x_wconf 88' lang='lat' dir='ltr'>mandato</span> <span class='ocrx_word' id='word_1_280' title='bbox 829 2714 872 2752; x_wconf 90' lang='lat' dir='ltr'>et</span> <span class='ocrx_word' id='word_1_281' title='bbox 895 2711 1143 2753; x_wconf 87' lang='lat' dir='ltr'>deliberato</span> <span class='ocrx_word' id='word_1_282' title='bbox 1177 2710 1364 2754; x_wconf 90' lang='lat' dir='ltr'>consilio</span> <span class='ocrx_word' id='word_1_283' title='bbox 1400 2710 1642 2752; x_wconf 87' lang='lat' dir='ltr'>eorundem</span> <span class='ocrx_word' id='word_1_284' title='bbox 1676 2743 1684 2750; x_wconf 95' lang='lat'>.</span> <span class='ocrx_word' id='word_1_285' title='bbox 1710 2742 1718 2750; x_wconf 91' lang='lat'><strong>.</strong></span> <span class='ocrx_word' id='word_1_286' title='bbox 1744 2742 1752 2750; x_wconf 89' lang='lat'><strong>.</strong></span> <span class='ocrx_word' id='word_1_287' title='bbox 1788 2707 1857 2750; x_wconf 85' lang='lat' dir='ltr'>Sit</span> <span class='ocrx_word' id='word_1_288' title='bbox 1884 2706 2083 2764; x_wconf 86' lang='lat' dir='ltr'>provisa,</span> 
     </span>
     <span class='ocr_line' id='line_1_36' title="bbox 463 2777 2083 2837; baseline -0.004 -12"><span class='ocrx_word' id='word_1_289' title='bbox 463 2783 505 2826; x_wconf 90' lang='lat' dir='ltr'>si</span> <span class='ocrx_word' id='word_1_290' title='bbox 531 2783 647 2825; x_wconf 82' lang='lat' dir='ltr'>forte</span> <span class='ocrx_word' id='word_1_291' title='bbox 670 2795 806 2837; x_wconf 91' lang='lat' dir='ltr'>super</span> <span class='ocrx_word' id='word_1_292' title='bbox 836 2781 923 2824; x_wconf 87' lang='lat' dir='ltr'>hiis</span> <span class='ocrx_word' id='word_1_293' title='bbox 955 2782 1216 2837; x_wconf 87' lang='lat' dir='ltr'>requiratur</span> <span class='ocrx_word' id='word_1_294' title='bbox 1246 2781 1374 2837; x_wconf 87' lang='lat' dir='ltr'>regia</span> <span class='ocrx_word' id='word_1_295' title='bbox 1405 2783 1636 2835; x_wconf 88' lang='lat' dir='ltr'>magestas</span> <span class='ocrx_word' id='word_1_296' title='bbox 1670 2793 1696 2821; x_wconf 90' lang='lat' dir='ltr'>a</span> <span class='ocrx_word' id='word_1_297' title='bbox 1728 2790 1903 2822; x_wconf 88' lang='lat' dir='ltr'>summo</span> <span class='ocrx_word' id='word_1_298' title='bbox 1936 2777 2083 2833; x_wconf 91' lang='lat' dir='ltr'>ponti-</span> 
     </span>
     <span class='ocr_line' id='line_1_37' title="bbox 463 2848 2085 2907; baseline -0.004 -12"><span class='ocrx_word' id='word_1_299' title='bbox 463 2853 562 2907; x_wconf 87' lang='lat' dir='ltr'>fice,</span> <span class='ocrx_word' id='word_1_300' title='bbox 604 2855 647 2895; x_wconf 92' lang='lat' dir='ltr'>et</span> <span class='ocrx_word' id='word_1_301' title='bbox 687 2852 822 2895; x_wconf 91' lang='lat' dir='ltr'>solita</span> <span class='ocrx_word' id='word_1_302' title='bbox 848 2852 1094 2907; x_wconf 87' lang='lat' dir='ltr'>prudencia</span> <span class='ocrx_word' id='word_1_303' title='bbox 1127 2854 1320 2905; x_wconf 88' lang='lat' dir='ltr'>censeat,</span> <span class='ocrx_word' id='word_1_304' title='bbox 1361 2854 1581 2907; x_wconf 89' lang='lat' dir='ltr'>quantum</span> <span class='ocrx_word' id='word_1_305' title='bbox 1613 2850 1673 2893; x_wconf 89' lang='lat' dir='ltr'>sit</span> <span class='ocrx_word' id='word_1_306' title='bbox 1704 2848 2008 2905; x_wconf 90' lang='lat' dir='ltr'>periculosum</span> <span class='ocrx_word' id='word_1_307' title='bbox 2042 2850 2085 2890; x_wconf 92' lang='lat' dir='ltr'>et</span> 
     </span>
     <span class='ocr_line' id='line_1_38' title="bbox 464 2918 2085 2979; baseline -0.003 -14"><span class='ocrx_word' id='word_1_308' title='bbox 464 2937 606 2979; x_wconf 88' lang='lat' dir='ltr'>grave</span> <span class='ocrx_word' id='word_1_309' title='bbox 646 2923 692 2965; x_wconf 92' lang='lat' dir='ltr'>in</span> <span class='ocrx_word' id='word_1_310' title='bbox 731 2922 930 2978; x_wconf 90' lang='lat' dir='ltr'>negociis</span> <span class='ocrx_word' id='word_1_311' title='bbox 971 2924 1268 2964; x_wconf 88' lang='lat' dir='ltr'>tractatorem</span> <span class='ocrx_word' id='word_1_312' title='bbox 1308 2922 1475 2964; x_wconf 88' lang='lat' dir='ltr'>habere</span> <span class='ocrx_word' id='word_1_313' title='bbox 1513 2922 1772 2976; x_wconf 90' lang='lat' dir='ltr'>suspectum</span> <span class='ocrx_word' id='word_1_314' title='bbox 1814 2921 1858 2961; x_wconf 89' lang='lat' dir='ltr'>et</span> <span class='ocrx_word' id='word_1_315' title='bbox 1889 2918 2085 2961; x_wconf 83' lang='lat' dir='ltr'>maxime</span> 
     </span>
     <span class='ocr_line' id='line_1_39' title="bbox 466 2989 2085 3048; baseline -0.004 -12"><span class='ocrx_word' id='word_1_316' title='bbox 466 2994 694 3037; x_wconf 88' lang='lat' dir='ltr'>hominem</span> <span class='ocrx_word' id='word_1_317' title='bbox 739 3007 828 3035; x_wconf 91' lang='lat' dir='ltr'>non</span> <span class='ocrx_word' id='word_1_318' title='bbox 874 2992 1001 3048; x_wconf 89' lang='lat' dir='ltr'>pacis</span> <span class='ocrx_word' id='word_1_319' title='bbox 1050 2992 1256 3034; x_wconf 90' lang='lat' dir='ltr'>amicum.</span> <span class='ocrx_word' id='word_1_320' title='bbox 1323 2991 1619 3035; x_wconf 87' lang='lat' dir='ltr'>Considerato</span> <span class='ocrx_word' id='word_1_321' title='bbox 1665 2989 1914 3045; x_wconf 90' lang='lat' dir='ltr'>potissime,</span> <span class='ocrx_word' id='word_1_322' title='bbox 1964 2989 2085 3044; x_wconf 86' lang='lat' dir='ltr'>quod</span> 
     </span>
    </p>
   </div>
  </div>
 </body>
</html>
