<?xml version="1.0" encoding="UTF-8"?>
<!DOCTYPE html PUBLIC "-//W3C//DTD XHTML 1.0 Transitional//EN"
    "http://www.w3.org/TR/xhtml1/DTD/xhtml1-transitional.dtd">
<html xmlns="http://www.w3.org/1999/xhtml" xml:lang="en" lang="en">
 <head>
  <title>
</title>
<meta http-equiv="Content-Type" content="text/html;charset=utf-8" />
  <meta name='ocr-system' content='tesseract 3.04.00' />
  <meta name='ocr-capabilities' content='ocr_page ocr_carea ocr_par ocr_line ocrx_word'/>
</head>
<body>
  <div class='ocr_page' id='page_1' title='image "./actaaragonensiaq02finkuoft_0352.png"; bbox 0 0 2296 3512; ppageno 0'>
   <div class='ocr_carea' id='block_1_1' title="bbox 1017 257 1339 298">
    <p class='ocr_par' dir='ltr' id='par_1_1' title="bbox 1017 257 1339 298">
     <span class='ocr_line' id='line_1_1' title="bbox 1017 257 1339 298; baseline -0.003 0"><span class='ocrx_word' id='word_1_1' title='bbox 1017 257 1339 298; x_wconf 81' lang='lat'>—856—</span> 
     </span>
    </p>
   </div>
   <div class='ocr_carea' id='block_1_2' title="bbox 371 383 2003 2334">
    <p class='ocr_par' dir='ltr' id='par_1_2' title="bbox 371 383 2001 2193">
     <span class='ocr_line' id='line_1_2' title="bbox 372 383 1988 442; baseline -0.002 -13"><span class='ocrx_word' id='word_1_2' title='bbox 372 387 615 442; x_wconf 87' lang='lat' dir='ltr'>aliquando</span> <span class='ocrx_word' id='word_1_3' title='bbox 643 385 804 438; x_wconf 81' lang='lat' dir='ltr'>oculte,</span> <span class='ocrx_word' id='word_1_4' title='bbox 833 384 1077 440; x_wconf 88' lang='lat' dir='ltr'>aliquando</span> <span class='ocrx_word' id='word_1_5' title='bbox 1099 384 1278 440; x_wconf 88' lang='lat' dir='ltr'>publice</span> <span class='ocrx_word' id='word_1_6' title='bbox 1301 384 1568 440; x_wconf 87' lang='lat' dir='ltr'>opponendo</span> <span class='ocrx_word' id='word_1_7' title='bbox 1591 397 1657 426; x_wconf 89' lang='lat' dir='ltr'>se:</span> <span class='ocrx_word' id='word_1_8' title='bbox 1692 383 1807 427; x_wconf 88' lang='lat' dir='ltr'>sicut</span> <span class='ocrx_word' id='word_1_9' title='bbox 1829 383 1988 426; x_wconf 88' lang='lat' dir='ltr'>Fortu-</span> 
     </span>
     <span class='ocr_line' id='line_1_3' title="bbox 371 453 1989 512; baseline -0.003 -12"><span class='ocrx_word' id='word_1_10' title='bbox 371 458 520 512; x_wconf 83' lang='lat' dir='ltr'>nius2)</span> <span class='ocrx_word' id='word_1_11' title='bbox 554 458 608 498; x_wconf 89' lang='lat' dir='ltr'>de</span> <span class='ocrx_word' id='word_1_12' title='bbox 635 456 819 511; x_wconf 86' lang='lat' dir='ltr'>Vergua</span> <span class='ocrx_word' id='word_1_13' title='bbox 849 455 970 509; x_wconf 67' lang='lat' dir='ltr'>fflea)</span> <span class='ocrx_word' id='word_1_14' title='bbox 993 457 1100 497; x_wconf 86' lang='lat' dir='ltr'>tunc</span> <span class='ocrx_word' id='word_1_15' title='bbox 1132 454 1179 497; x_wconf 90' lang='lat' dir='ltr'>in</span> <span class='ocrx_word' id='word_1_16' title='bbox 1212 455 1316 497; x_wconf 91' lang='lat' dir='ltr'>sede</span> <span class='ocrx_word' id='word_1_17' title='bbox 1345 453 1742 510; x_wconf 85' lang='lat' dir='ltr'>Cesaraugustana</span> <span class='ocrx_word' id='word_1_18' title='bbox 1777 453 1989 510; x_wconf 84' lang='lat' dir='ltr'>opposuit</span> 
     </span>
     <span class='ocr_line' id='line_1_4' title="bbox 372 524 1990 582; baseline -0.002 -12"><span class='ocrx_word' id='word_1_19' title='bbox 372 541 420 571; x_wconf 88' lang='lat' dir='ltr'>se</span> <span class='ocrx_word' id='word_1_20' title='bbox 466 527 648 569; x_wconf 89' lang='lat' dir='ltr'>domino</span> <span class='ocrx_word' id='word_1_21' title='bbox 680 526 778 582; x_wconf 86' lang='lat' dir='ltr'>regi</span> <span class='ocrx_word' id='word_1_22' title='bbox 809 525 1000 569; x_wconf 88' lang='lat' dir='ltr'>Alfonso</span> <span class='ocrx_word' id='word_1_23' title='bbox 1043 524 1178 568; x_wconf 85' lang='lat' dir='ltr'>fratri</span> <span class='ocrx_word' id='word_1_24' title='bbox 1211 528 1361 568; x_wconf 83' lang='lat' dir='ltr'>vestro</span> <span class='ocrx_word' id='word_1_25' title='bbox 1395 539 1494 567; x_wconf 88' lang='lat' dir='ltr'>cum</span> <span class='ocrx_word' id='word_1_26' title='bbox 1528 524 1629 568; x_wconf 86' lang='lat' dir='ltr'>aliis</span> <span class='ocrx_word' id='word_1_27' title='bbox 1659 525 1906 567; x_wconf 81' lang='lat' dir='ltr'>baronibus</span> <span class='ocrx_word' id='word_1_28' title='bbox 1946 527 1990 566; x_wconf 87' lang='lat' dir='ltr'>et</span> 
     </span>
     <span class='ocr_line' id='line_1_5' title="bbox 373 594 1988 651; baseline -0.002 -11"><span class='ocrx_word' id='word_1_29' title='bbox 373 597 635 640; x_wconf 85' lang='lat' dir='ltr'>civitatibus</span> <span class='ocrx_word' id='word_1_30' title='bbox 668 597 722 639; x_wconf 91' lang='lat' dir='ltr'>de</span> <span class='ocrx_word' id='word_1_31' title='bbox 747 595 899 650; x_wconf 71' lang='lat' dir='ltr'>iureb).</span> <span class='ocrx_word' id='word_1_32' title='bbox 964 594 1067 638; x_wconf 87' lang='lat' dir='ltr'>Scio</span> <span class='ocrx_word' id='word_1_33' title='bbox 1100 595 1232 649; x_wconf 89' lang='lat' dir='ltr'>enim,</span> <span class='ocrx_word' id='word_1_34' title='bbox 1264 597 1370 638; x_wconf 92' lang='lat' dir='ltr'>dum</span> <span class='ocrx_word' id='word_1_35' title='bbox 1404 609 1485 651; x_wconf 85' lang='lat' dir='ltr'>ego</span> <span class='ocrx_word' id='word_1_36' title='bbox 1519 609 1643 637; x_wconf 88' lang='lat' dir='ltr'>eram</span> <span class='ocrx_word' id='word_1_37' title='bbox 1674 595 1720 637; x_wconf 91' lang='lat' dir='ltr'>in</span> <span class='ocrx_word' id='word_1_38' title='bbox 1754 595 1842 637; x_wconf 89' lang='lat' dir='ltr'>alio</span> <span class='ocrx_word' id='word_1_39' title='bbox 1865 597 1988 637; x_wconf 89' lang='lat' dir='ltr'>statu</span> 
     </span>
     <span class='ocr_line' id='line_1_6' title="bbox 372 665 1989 721; baseline -0.002 -10"><span class='ocrx_word' id='word_1_40' title='bbox 372 667 506 711; x_wconf 91' lang='lat' dir='ltr'>simul</span> <span class='ocrx_word' id='word_1_41' title='bbox 547 681 647 709; x_wconf 91' lang='grc'>611111</span> <span class='ocrx_word' id='word_1_42' title='bbox 689 666 790 709; x_wconf 86' lang='grc'>61115</span> <span class='ocrx_word' id='word_1_43' title='bbox 829 666 1076 709; x_wconf 81' lang='lat' dir='ltr'>baronibus</span> <span class='ocrx_word' id='word_1_44' title='bbox 1114 666 1160 708; x_wconf 95' lang='lat' dir='ltr'>in</span> <span class='ocrx_word' id='word_1_45' title='bbox 1194 665 1349 708; x_wconf 89' lang='lat' dir='ltr'>curiis:</span> <span class='ocrx_word' id='word_1_46' title='bbox 1382 665 1462 719; x_wconf 88' lang='lat' dir='ltr'>illi,</span> <span class='ocrx_word' id='word_1_47' title='bbox 1497 665 1573 721; x_wconf 90' lang='lat' dir='ltr'>qui</span> <span class='ocrx_word' id='word_1_48' title='bbox 1605 665 1824 721; x_wconf 84' lang='lat' dir='ltr'>grossiori</span> <span class='ocrx_word' id='word_1_49' title='bbox 1855 665 1989 707; x_wconf 91' lang='lat' dir='ltr'>modo</span> 
     </span>
     <span class='ocr_line' id='line_1_7' title="bbox 371 735 1992 792; baseline -0.002 -11"><span class='ocrx_word' id='word_1_50' title='bbox 371 739 719 781; x_wconf 79' lang='lat' dir='ltr'>murmurabant</span> <span class='ocrx_word' id='word_1_51' title='bbox 759 739 918 779; x_wconf 89' lang='lat' dir='ltr'>contra</span> <span class='ocrx_word' id='word_1_52' title='bbox 957 749 1053 790; x_wconf 85' lang='lat' dir='ltr'>vos,</span> <span class='ocrx_word' id='word_1_53' title='bbox 1095 739 1225 779; x_wconf 87' lang='lat' dir='ltr'>erant</span> <span class='ocrx_word' id='word_1_54' title='bbox 1256 736 1397 792; x_wconf 85' lang='lat' dir='ltr'>aliqui</span> <span class='ocrx_word' id='word_1_55' title='bbox 1433 736 1611 792; x_wconf 85' lang='lat' dir='ltr'>prelati,</span> <span class='ocrx_word' id='word_1_56' title='bbox 1646 736 1736 792; x_wconf 92' lang='lat' dir='ltr'>qui,</span> <span class='ocrx_word' id='word_1_57' title='bbox 1769 735 1856 778; x_wconf 89' lang='lat' dir='ltr'>nisi</span> <span class='ocrx_word' id='word_1_58' title='bbox 1889 748 1992 778; x_wconf 89' lang='lat' dir='ltr'>con-</span> 
     </span>
     <span class='ocr_line' id='line_1_8' title="bbox 371 806 1993 863; baseline -0.002 -12"><span class='ocrx_word' id='word_1_59' title='bbox 371 809 562 851; x_wconf 88' lang='lat' dir='ltr'>fiderent</span> <span class='ocrx_word' id='word_1_60' title='bbox 600 809 654 850; x_wconf 88' lang='lat' dir='ltr'>de</span> <span class='ocrx_word' id='word_1_61' title='bbox 694 807 894 863; x_wconf 88' lang='lat' dir='ltr'>propriis</span> <span class='ocrx_word' id='word_1_62' title='bbox 927 807 1102 850; x_wconf 90' lang='lat' dir='ltr'>diviciis</span> <span class='ocrx_word' id='word_1_63' title='bbox 1136 810 1178 849; x_wconf 89' lang='grc'>61</span> <span class='ocrx_word' id='word_1_64' title='bbox 1209 810 1450 863; x_wconf 90' lang='lat' dir='ltr'>parentum</span> <span class='ocrx_word' id='word_1_65' title='bbox 1481 810 1721 862; x_wconf 78' lang='lat' dir='ltr'>potestate,</span> <span class='ocrx_word' id='word_1_66' title='bbox 1753 806 1872 848; x_wconf 82' lang='lat' dir='ltr'>forte</span> <span class='ocrx_word' id='word_1_67' title='bbox 1902 819 1993 848; x_wconf 92' lang='lat' dir='ltr'>non</span> 
     </span>
     <span class='ocr_line' id='line_1_9' title="bbox 372 875 1994 934; baseline -0.002 -12"><span class='ocrx_word' id='word_1_68' title='bbox 372 881 710 922; x_wconf 86' lang='lat' dir='ltr'>murmurasent</span> <span class='ocrx_word' id='word_1_69' title='bbox 741 878 819 931; x_wconf 92' lang='lat' dir='ltr'>sic,</span> <span class='ocrx_word' id='word_1_70' title='bbox 853 878 961 934; x_wconf 88' lang='lat' dir='ltr'>quia</span> <span class='ocrx_word' id='word_1_71' title='bbox 992 879 1237 920; x_wconf 89' lang='lat' dir='ltr'>secundum</span> <span class='ocrx_word' id='word_1_72' title='bbox 1270 877 1524 932; x_wconf 84' lang='lat' dir='ltr'>exemplum</span> <span class='ocrx_word' id='word_1_73' title='bbox 1546 878 1753 933; x_wconf 84' lang='lat' dir='ltr'>vulgare:</span> <span class='ocrx_word' id='word_1_74' title='bbox 1775 879 1899 920; x_wconf 93' lang='lat' dir='ltr'>Auer</span> <span class='ocrx_word' id='word_1_75' title='bbox 1921 875 1994 930; x_wconf 79' lang='lat' dir='ltr'>fac</span> 
     </span>
     <span class='ocr_line' id='line_1_10' title="bbox 373 947 1993 1004; baseline -0.002 -12"><span class='ocrx_word' id='word_1_76' title='bbox 373 950 577 1004; x_wconf 80' lang='lat' dir='ltr'>foliar3)!</span> <span class='ocrx_word' id='word_1_77' title='bbox 641 950 733 991; x_wconf 92' lang='lat' dir='ltr'>Nec</span> <span class='ocrx_word' id='word_1_78' title='bbox 764 949 958 992; x_wconf 88' lang='lat' dir='ltr'>barones</span> <span class='ocrx_word' id='word_1_79' title='bbox 990 951 1202 1004; x_wconf 89' lang='lat' dir='ltr'>parentes</span> <span class='ocrx_word' id='word_1_80' title='bbox 1236 961 1405 1000; x_wconf 89' lang='lat' dir='ltr'>eorum,</span> <span class='ocrx_word' id='word_1_81' title='bbox 1438 948 1516 1003; x_wconf 85' lang='lat' dir='ltr'>qui</span> <span class='ocrx_word' id='word_1_82' title='bbox 1548 951 1654 991; x_wconf 88' lang='lat' dir='ltr'>sunt</span> <span class='ocrx_word' id='word_1_83' title='bbox 1685 947 1755 990; x_wconf 91' lang='lat' dir='ltr'>vel</span> <span class='ocrx_word' id='word_1_84' title='bbox 1776 960 1859 1003; x_wconf 91' lang='lat' dir='ltr'>pro</span> <span class='ocrx_word' id='word_1_85' title='bbox 1882 949 1993 989; x_wconf 87' lang='lat' dir='ltr'>tem-</span> 
     </span>
     <span class='ocr_line' id='line_1_11' title="bbox 373 1018 1993 1076; baseline -0.003 -13"><span class='ocrx_word' id='word_1_86' title='bbox 373 1034 483 1076; x_wconf 88' lang='lat' dir='ltr'>pore</span> <span class='ocrx_word' id='word_1_87' title='bbox 533 1033 687 1063; x_wconf 90' lang='lat' dir='ltr'>eorum</span> <span class='ocrx_word' id='word_1_88' title='bbox 736 1022 881 1072; x_wconf 87' lang='lat' dir='ltr'>erunt,</span> <span class='ocrx_word' id='word_1_89' title='bbox 928 1032 1017 1060; x_wconf 91' lang='grc'>11011</span> <span class='ocrx_word' id='word_1_90' title='bbox 1064 1019 1285 1060; x_wconf 91' lang='lat' dir='ltr'>haberent</span> <span class='ocrx_word' id='word_1_91' title='bbox 1331 1018 1504 1061; x_wconf 89' lang='lat' dir='ltr'>animos</span> <span class='ocrx_word' id='word_1_92' title='bbox 1547 1018 1613 1060; x_wconf 89' lang='lat' dir='ltr'>ita</span> <span class='ocrx_word' id='word_1_93' title='bbox 1657 1031 1817 1073; x_wconf 86' lang='lat' dir='ltr'>grosos</span> <span class='ocrx_word' id='word_1_94' title='bbox 1850 1031 1993 1072; x_wconf 88' lang='lat' dir='ltr'>neque</span> 
     </span>
     <span class='ocr_line' id='line_1_12' title="bbox 375 1087 1996 1144; baseline -0.002 -10"><span class='ocrx_word' id='word_1_95' title='bbox 375 1092 518 1134; x_wconf 87' lang='lat' dir='ltr'>elatos</span> <span class='ocrx_word' id='word_1_96' title='bbox 551 1104 632 1133; x_wconf 91' lang='grc'>1166</span> <span class='ocrx_word' id='word_1_97' title='bbox 657 1089 1001 1132; x_wconf 78' lang='lat' dir='ltr'>recalcitrarent</span> <span class='ocrx_word' id='word_1_98' title='bbox 1023 1089 1101 1141; x_wconf 89' lang='grc'>516,</span> <span class='ocrx_word' id='word_1_99' title='bbox 1134 1088 1222 1131; x_wconf 88' lang='grc'>11151</span> <span class='ocrx_word' id='word_1_100' title='bbox 1253 1088 1372 1130; x_wconf 85' lang='lat' dir='ltr'>forte</span> <span class='ocrx_word' id='word_1_101' title='bbox 1405 1088 1563 1130; x_wconf 88' lang='lat' dir='ltr'>confisi</span> <span class='ocrx_word' id='word_1_102' title='bbox 1595 1089 1649 1130; x_wconf 88' lang='lat' dir='ltr'>de</span> <span class='ocrx_word' id='word_1_103' title='bbox 1680 1089 1821 1131; x_wconf 92' lang='lat' dir='ltr'>bursa</span> <span class='ocrx_word' id='word_1_104' title='bbox 1846 1087 1996 1144; x_wconf 90' lang='lat' dir='ltr'>prela-</span> 
     </span>
     <span class='ocr_line' id='line_1_13' title="bbox 374 1158 1995 1215; baseline -0.003 -10"><span class='ocrx_word' id='word_1_105' title='bbox 374 1166 524 1206; x_wconf 89' lang='lat' dir='ltr'>torum</span> <span class='ocrx_word' id='word_1_106' title='bbox 577 1174 761 1204; x_wconf 88' lang='lat' dir='ltr'>suorum</span> <span class='ocrx_word' id='word_1_107' title='bbox 813 1159 1264 1215; x_wconf 85' lang='lat' dir='ltr'>consanguineorum.</span> <span class='ocrx_word' id='word_1_108' title='bbox 1347 1158 1474 1200; x_wconf 89' lang='lat' dir='ltr'>Unde</span> <span class='ocrx_word' id='word_1_109' title='bbox 1523 1159 1614 1200; x_wconf 87' lang='lat' dir='ltr'>iam</span> <span class='ocrx_word' id='word_1_110' title='bbox 1658 1158 1823 1214; x_wconf 92' lang='lat' dir='ltr'>prelati</span> <span class='ocrx_word' id='word_1_111' title='bbox 1874 1161 1995 1200; x_wconf 90' lang='lat' dir='ltr'>terre</span> 
     </span>
     <span class='ocr_line' id='line_1_14' title="bbox 375 1228 1997 1286; baseline -0.002 -11"><span class='ocrx_word' id='word_1_112' title='bbox 375 1236 529 1275; x_wconf 85' lang='lat' dir='ltr'>nostre</span> <span class='ocrx_word' id='word_1_113' title='bbox 571 1231 702 1274; x_wconf 86' lang='lat' dir='ltr'>efecti</span> <span class='ocrx_word' id='word_1_114' title='bbox 743 1233 848 1274; x_wconf 88' lang='lat' dir='ltr'>sunt</span> <span class='ocrx_word' id='word_1_115' title='bbox 888 1229 1053 1286; x_wconf 87' lang='lat' dir='ltr'>prelati</span> <span class='ocrx_word' id='word_1_116' title='bbox 1094 1229 1334 1271; x_wconf 87' lang='lat' dir='ltr'>Alamanie</span> <span class='ocrx_word' id='word_1_117' title='bbox 1376 1228 1592 1282; x_wconf 81' lang='lat' dir='ltr'>bellicosi,</span> <span class='ocrx_word' id='word_1_118' title='bbox 1633 1230 1798 1271; x_wconf 88' lang='lat' dir='ltr'>nedum</span> <span class='ocrx_word' id='word_1_119' title='bbox 1841 1232 1997 1271; x_wconf 86' lang='lat' dir='ltr'>contra</span> 
     </span>
     <span class='ocr_line' id='line_1_15' title="bbox 378 1299 1997 1353; baseline -0.002 -8"><span class='ocrx_word' id='word_1_120' title='bbox 378 1303 491 1346; x_wconf 84' lang='lat' dir='ltr'>alios</span> <span class='ocrx_word' id='word_1_121' title='bbox 524 1302 866 1345; x_wconf 79' lang='lat' dir='ltr'>recalcitrantes</span> <span class='ocrx_word' id='word_1_122' title='bbox 900 1304 969 1343; x_wconf 87' lang='lat' dir='ltr'>set</span> <span class='ocrx_word' id='word_1_123' title='bbox 1001 1300 1141 1342; x_wconf 90' lang='lat' dir='ltr'>eciam</span> <span class='ocrx_word' id='word_1_124' title='bbox 1176 1303 1335 1342; x_wconf 90' lang='lat' dir='ltr'>contra</span> <span class='ocrx_word' id='word_1_125' title='bbox 1357 1299 1476 1342; x_wconf 92' lang='lat' dir='ltr'>filios</span> <span class='ocrx_word' id='word_1_126' title='bbox 1510 1302 1699 1353; x_wconf 84' lang='lat' dir='ltr'>vestros,</span> <span class='ocrx_word' id='word_1_127' title='bbox 1727 1300 1844 1342; x_wconf 85' lang='lat' dir='ltr'>sicut</span> <span class='ocrx_word' id='word_1_128' title='bbox 1873 1299 1997 1342; x_wconf 88' lang='lat' dir='ltr'>verbi</span> 
     </span>
     <span class='ocr_line' id='line_1_16' title="bbox 377 1370 1995 1431; baseline -0.003 -15"><span class='ocrx_word' id='word_1_129' title='bbox 377 1374 532 1431; x_wconf 87' lang='lat' dir='ltr'>gracia</span> <span class='ocrx_word' id='word_1_130' title='bbox 563 1373 608 1415; x_wconf 92' lang='grc'>111</span> <span class='ocrx_word' id='word_1_131' title='bbox 641 1372 904 1429; x_wconf 89' lang='lat' dir='ltr'>procesibus</span> <span class='ocrx_word' id='word_1_132' title='bbox 931 1371 1063 1414; x_wconf 83' lang='lat' dir='ltr'>factis</span> <span class='ocrx_word' id='word_1_133' title='bbox 1088 1374 1246 1413; x_wconf 88' lang='lat' dir='ltr'>contra</span> <span class='ocrx_word' id='word_1_134' title='bbox 1274 1370 1662 1426; x_wconf 89' lang='lat' dir='ltr'>archiepiscopum</span> <span class='ocrx_word' id='word_1_135' title='bbox 1685 1371 1995 1413; x_wconf 89' lang='lat' dir='ltr'>Tholetanum.</span> 
     </span>
     <span class='ocr_line' id='line_1_17' title="bbox 376 1441 1999 1498; baseline -0.003 -10"><span class='ocrx_word' id='word_1_136' title='bbox 376 1445 504 1488; x_wconf 91' lang='lat' dir='ltr'>Unde</span> <span class='ocrx_word' id='word_1_137' title='bbox 547 1457 637 1485; x_wconf 89' lang='lat' dir='ltr'>non</span> <span class='ocrx_word' id='word_1_138' title='bbox 680 1442 860 1498; x_wconf 78' lang='lat' dir='ltr'>expedit</span> <span class='ocrx_word' id='word_1_139' title='bbox 900 1442 1097 1497; x_wconf 83' lang='lat' dir='ltr'>regibus,</span> <span class='ocrx_word' id='word_1_140' title='bbox 1144 1441 1221 1497; x_wconf 87' lang='lat' dir='ltr'>qui</span> <span class='ocrx_word' id='word_1_141' title='bbox 1261 1441 1421 1483; x_wconf 91' lang='lat' dir='ltr'>volunt</span> <span class='ocrx_word' id='word_1_142' title='bbox 1463 1442 1519 1483; x_wconf 90' lang='lat' dir='ltr'>ad</span> <span class='ocrx_word' id='word_1_143' title='bbox 1550 1441 1733 1497; x_wconf 87' lang='lat' dir='ltr'>plenum</span> <span class='ocrx_word' id='word_1_144' title='bbox 1765 1455 1922 1497; x_wconf 85' lang='lat' dir='ltr'>regere</span> <span class='ocrx_word' id='word_1_145' title='bbox 1955 1444 1999 1483; x_wconf 92' lang='lat' dir='ltr'>et</span> 
     </span>
     <span class='ocr_line' id='line_1_18' title="bbox 377 1512 1998 1568; baseline -0.002 -10"><span class='ocrx_word' id='word_1_146' title='bbox 377 1519 529 1558; x_wconf 84' lang='lat' dir='ltr'>tenere</span> <span class='ocrx_word' id='word_1_147' title='bbox 571 1514 616 1556; x_wconf 91' lang='lat' dir='ltr'>in</span> <span class='ocrx_word' id='word_1_148' title='bbox 657 1513 838 1555; x_wconf 86' lang='lat' dir='ltr'>iusticia</span> <span class='ocrx_word' id='word_1_149' title='bbox 879 1516 1050 1554; x_wconf 86' lang='lat' dir='ltr'>terram</span> <span class='ocrx_word' id='word_1_150' title='bbox 1083 1525 1226 1565; x_wconf 88' lang='lat' dir='ltr'>suam,</span> <span class='ocrx_word' id='word_1_151' title='bbox 1259 1512 1426 1554; x_wconf 86' lang='lat' dir='ltr'>habere</span> <span class='ocrx_word' id='word_1_152' title='bbox 1459 1513 1652 1554; x_wconf 86' lang='lat' dir='ltr'>barones</span> <span class='ocrx_word' id='word_1_153' title='bbox 1685 1526 1767 1554; x_wconf 91' lang='lat' dir='ltr'>nec</span> <span class='ocrx_word' id='word_1_154' title='bbox 1797 1512 1998 1568; x_wconf 88' lang='lat' dir='ltr'>prelatos</span> 
     </span>
     <span class='ocr_line' id='line_1_19' title="bbox 379 1581 1999 1639; baseline -0.003 -10"><span class='ocrx_word' id='word_1_155' title='bbox 379 1587 555 1637; x_wconf 86' lang='lat' dir='ltr'>divites,</span> <span class='ocrx_word' id='word_1_156' title='bbox 578 1583 775 1626; x_wconf 71' lang='lat' dir='ltr'>maxime</span> <span class='ocrx_word' id='word_1_157' title='bbox 797 1583 843 1625; x_wconf 93' lang='lat' dir='ltr'>in</span> <span class='ocrx_word' id='word_1_158' title='bbox 859 1582 1106 1638; x_wconf 84' lang='lat' dir='ltr'>Aragonia,</span> <span class='ocrx_word' id='word_1_159' title='bbox 1134 1582 1212 1624; x_wconf 92' lang='lat' dir='ltr'>ubi</span> <span class='ocrx_word' id='word_1_160' title='bbox 1234 1581 1496 1638; x_wconf 87' lang='lat' dir='ltr'>frequenter</span> <span class='ocrx_word' id='word_1_161' title='bbox 1518 1584 1752 1625; x_wconf 87' lang='lat' dir='ltr'>consuevit</span> <span class='ocrx_word' id='word_1_162' title='bbox 1772 1583 1999 1639; x_wconf 85' lang='lat' dir='ltr'>pullulare</span> 
     </span>
     <span class='ocr_line' id='line_1_20' title="bbox 378 1653 1996 1709; baseline -0.002 -11"><span class='ocrx_word' id='word_1_163' title='bbox 378 1656 483 1698; x_wconf 87' lang='lat' dir='ltr'>talis</span> <span class='ocrx_word' id='word_1_164' title='bbox 530 1656 652 1708; x_wconf 86' lang='lat' dir='ltr'>erba,</span> <span class='ocrx_word' id='word_1_165' title='bbox 698 1658 742 1696; x_wconf 90' lang='lat' dir='ltr'>et</span> <span class='ocrx_word' id='word_1_166' title='bbox 787 1654 824 1696; x_wconf 88' lang='lat' dir='ltr'>si</span> <span class='ocrx_word' id='word_1_167' title='bbox 856 1667 945 1696; x_wconf 89' lang='lat' dir='ltr'>non</span> <span class='ocrx_word' id='word_1_168' title='bbox 989 1666 1078 1694; x_wconf 90' lang='lat' dir='ltr'>uno</span> <span class='ocrx_word' id='word_1_169' title='bbox 1121 1656 1337 1709; x_wconf 87' lang='lat' dir='ltr'>tempore,</span> <span class='ocrx_word' id='word_1_170' title='bbox 1379 1653 1481 1696; x_wconf 90' lang='lat' dir='ltr'>alio.</span> <span class='ocrx_word' id='word_1_171' title='bbox 1544 1654 1611 1696; x_wconf 91' lang='lat' dir='ltr'>De</span> <span class='ocrx_word' id='word_1_172' title='bbox 1642 1653 1841 1696; x_wconf 84' lang='lat' dir='ltr'>utilitate</span> <span class='ocrx_word' id='word_1_173' title='bbox 1874 1666 1996 1706; x_wconf 88' lang='lat' dir='ltr'>vero,</span> 
     </span>
     <span class='ocr_line' id='line_1_21' title="bbox 381 1724 1995 1783; baseline -0.002 -14"><span class='ocrx_word' id='word_1_174' title='bbox 381 1727 560 1783; x_wconf 88' lang='lat' dir='ltr'>quando</span> <span class='ocrx_word' id='word_1_175' title='bbox 596 1725 796 1782; x_wconf 83' lang='lat' dir='ltr'>episcopi</span> <span class='ocrx_word' id='word_1_176' title='bbox 828 1724 985 1767; x_wconf 85' lang='lat' dir='ltr'>volunt</span> <span class='ocrx_word' id='word_1_177' title='bbox 1016 1737 1097 1766; x_wconf 80' lang='lat' dir='ltr'>vos</span> <span class='ocrx_word' id='word_1_178' title='bbox 1128 1724 1285 1766; x_wconf 89' lang='lat' dir='ltr'>iuvare</span> <span class='ocrx_word' id='word_1_179' title='bbox 1313 1728 1357 1766; x_wconf 87' lang='grc'>61</span> <span class='ocrx_word' id='word_1_180' title='bbox 1386 1725 1494 1766; x_wconf 85' lang='grc'>(1616</span> <span class='ocrx_word' id='word_1_181' title='bbox 1524 1724 1707 1780; x_wconf 85' lang='lat' dir='ltr'>aliquod</span> <span class='ocrx_word' id='word_1_182' title='bbox 1729 1724 1995 1776; x_wconf 86' lang='lat' dir='ltr'>subsidium,</span> 
     </span>
     <span class='ocr_line' id='line_1_22' title="bbox 381 1794 1997 1850; baseline -0.001 -11"><span class='ocrx_word' id='word_1_183' title='bbox 381 1798 436 1839; x_wconf 88' lang='lat' dir='ltr'>ad</span> <span class='ocrx_word' id='word_1_184' title='bbox 471 1797 699 1846; x_wconf 54' lang='lat' dir='ltr'>eandemss)</span> <span class='ocrx_word' id='word_1_185' title='bbox 732 1809 956 1838; x_wconf 88' lang='lat' dir='ltr'>summam</span> <span class='ocrx_word' id='word_1_186' title='bbox 989 1800 1033 1838; x_wconf 87' lang='lat' dir='ltr'>et</span> <span class='ocrx_word' id='word_1_187' title='bbox 1065 1798 1323 1850; x_wconf 90' lang='lat' dir='ltr'>compotum</span> <span class='ocrx_word' id='word_1_188' title='bbox 1348 1795 1544 1837; x_wconf 88' lang='lat' dir='ltr'>venient:</span> <span class='ocrx_word' id='word_1_189' title='bbox 1577 1795 1744 1837; x_wconf 87' lang='lat' dir='ltr'>habere</span> <span class='ocrx_word' id='word_1_190' title='bbox 1767 1796 1820 1837; x_wconf 91' lang='lat' dir='ltr'>de</span> <span class='ocrx_word' id='word_1_191' title='bbox 1842 1794 1997 1838; x_wconf 86' lang='lat' dir='ltr'>multis</span> 
     </span>
     <span class='ocr_line' id='line_1_23' title="bbox 381 1866 1998 1924; baseline -0.002 -14"><span class='ocrx_word' id='word_1_192' title='bbox 381 1868 605 1924; x_wconf 86' lang='lat' dir='ltr'>episcopis</span> <span class='ocrx_word' id='word_1_193' title='bbox 639 1868 692 1910; x_wconf 92' lang='lat' dir='ltr'>de</span> <span class='ocrx_word' id='word_1_194' title='bbox 726 1866 927 1922; x_wconf 87' lang='lat' dir='ltr'>quolibet</span> <span class='ocrx_word' id='word_1_195' title='bbox 961 1869 1268 1922; x_wconf 85' lang='lat' dir='ltr'>competenter</span> <span class='ocrx_word' id='word_1_196' title='bbox 1300 1866 1417 1909; x_wconf 89' lang='lat' dir='ltr'>sicut</span> <span class='ocrx_word' id='word_1_197' title='bbox 1448 1867 1501 1908; x_wconf 92' lang='lat' dir='ltr'>de</span> <span class='ocrx_word' id='word_1_198' title='bbox 1533 1866 1690 1922; x_wconf 88' lang='lat' dir='ltr'>paucis</span> <span class='ocrx_word' id='word_1_199' title='bbox 1722 1866 1915 1908; x_wconf 91' lang='lat' dir='ltr'>multum</span> <span class='ocrx_word' id='word_1_200' title='bbox 1945 1866 1998 1907; x_wconf 93' lang='lat' dir='ltr'>de</span> 
     </span>
     <span class='ocr_line' id='line_1_24' title="bbox 382 1936 2000 1995; baseline -0.002 -14"><span class='ocrx_word' id='word_1_201' title='bbox 382 1938 645 1995; x_wconf 77' lang='lat' dir='ltr'>quolibet.4)</span> <span class='ocrx_word' id='word_1_202' title='bbox 692 1937 820 1979; x_wconf 88' lang='lat' dir='ltr'>Unde</span> <span class='ocrx_word' id='word_1_203' title='bbox 867 1950 956 1979; x_wconf 91' lang='lat' dir='ltr'>non</span> <span class='ocrx_word' id='word_1_204' title='bbox 1004 1936 1102 1979; x_wconf 90' lang='lat' dir='ltr'>dico</span> <span class='ocrx_word' id='word_1_205' title='bbox 1151 1936 1295 1979; x_wconf 90' lang='lat' dir='ltr'>solum</span> <span class='ocrx_word' id='word_1_206' title='bbox 1344 1937 1430 1979; x_wconf 91' lang='lat' dir='ltr'>hoc</span> <span class='ocrx_word' id='word_1_207' title='bbox 1469 1936 1662 1979; x_wconf 87' lang='lat' dir='ltr'>fovendo</span> <span class='ocrx_word' id='word_1_208' title='bbox 1703 1936 1906 1979; x_wconf 89' lang='lat' dir='ltr'>homines</span> <span class='ocrx_word' id='word_1_209' title='bbox 1946 1936 2000 1978; x_wconf 88' lang='lat' dir='ltr'>de</span> 
     </span>
     <span class='ocr_line' id='line_1_25' title="bbox 379 2006 2001 2063; baseline -0.002 -11"><span class='ocrx_word' id='word_1_210' title='bbox 379 2010 630 2052; x_wconf 85' lang='lat' dir='ltr'>Barbastro</span> <span class='ocrx_word' id='word_1_211' title='bbox 662 2008 710 2050; x_wconf 93' lang='lat' dir='ltr'>in</span> <span class='ocrx_word' id='word_1_212' title='bbox 742 2021 824 2051; x_wconf 91' lang='lat' dir='ltr'>sua</span> <span class='ocrx_word' id='word_1_213' title='bbox 845 2008 1040 2060; x_wconf 87' lang='lat' dir='ltr'>iusticia,</span> <span class='ocrx_word' id='word_1_214' title='bbox 1073 2007 1164 2049; x_wconf 90' lang='lat' dir='ltr'>imo</span> <span class='ocrx_word' id='word_1_215' title='bbox 1197 2007 1370 2051; x_wconf 88' lang='lat' dir='ltr'>debetis</span> <span class='ocrx_word' id='word_1_216' title='bbox 1402 2020 1662 2063; x_wconf 87' lang='lat' dir='ltr'>procurare,</span> <span class='ocrx_word' id='word_1_217' title='bbox 1688 2008 1809 2063; x_wconf 90' lang='lat' dir='ltr'>quod</span> <span class='ocrx_word' id='word_1_218' title='bbox 1840 2006 2001 2049; x_wconf 86' lang='lat' dir='ltr'>fierent</span> 
     </span>
     <span class='ocr_line' id='line_1_26' title="bbox 380 2077 2001 2137; baseline -0.002 -15"><span class='ocrx_word' id='word_1_219' title='bbox 380 2080 534 2137; x_wconf 87' lang='lat' dir='ltr'>plures</span> <span class='ocrx_word' id='word_1_220' title='bbox 568 2079 855 2135; x_wconf 87' lang='lat' dir='ltr'>episcopatus</span> <span class='ocrx_word' id='word_1_221' title='bbox 883 2078 929 2120; x_wconf 94' lang='lat' dir='ltr'>in</span> <span class='ocrx_word' id='word_1_222' title='bbox 959 2078 1157 2120; x_wconf 90' lang='lat' dir='ltr'>dominio</span> <span class='ocrx_word' id='word_1_223' title='bbox 1183 2081 1346 2121; x_wconf 86' lang='lat' dir='ltr'>vestro.</span> <span class='ocrx_word' id='word_1_224' title='bbox 1409 2078 1513 2120; x_wconf 87' lang='lat' dir='ltr'>Dat.</span> <span class='ocrx_word' id='word_1_225' title='bbox 1536 2078 1583 2120; x_wconf 90' lang='lat' dir='ltr'>in</span> <span class='ocrx_word' id='word_1_226' title='bbox 1605 2078 1829 2120; x_wconf 89' lang='lat' dir='ltr'>Auinione</span> <span class='ocrx_word' id='word_1_227' title='bbox 1854 2077 2001 2133; x_wconf 89' lang='lat' dir='ltr'>pridie</span> 
     </span>
     <span class='ocr_line' id='line_1_27' title="bbox 381 2146 1368 2193; baseline -0.003 0"><span class='ocrx_word' id='word_1_228' title='bbox 381 2151 484 2193; x_wconf 91' lang='lat' dir='ltr'>idus</span> <span class='ocrx_word' id='word_1_229' title='bbox 515 2150 640 2192; x_wconf 84' lang='lat' dir='ltr'>Junii</span> <span class='ocrx_word' id='word_1_230' title='bbox 673 2162 790 2191; x_wconf 90' lang='lat' dir='ltr'>anno</span> <span class='ocrx_word' id='word_1_231' title='bbox 823 2148 993 2191; x_wconf 91' lang='lat' dir='ltr'>domini</span> <span class='ocrx_word' id='word_1_232' title='bbox 1024 2146 1368 2191; x_wconf 78' lang='lat' dir='ltr'>M0CCCOXXI0.</span> 
     </span>
    </p>

    <p class='ocr_par' dir='ltr' id='par_1_3' title="bbox 382 2217 2003 2334">
     <span class='ocr_line' id='line_1_28' title="bbox 523 2217 2002 2263; baseline -0.003 -8"><span class='ocrx_word' id='word_1_233' title='bbox 523 2219 612 2256; x_wconf 87' lang='lat' dir='ltr'>CRD</span> <span class='ocrx_word' id='word_1_234' title='bbox 639 2220 689 2254; x_wconf 91' lang='lat' dir='ltr'>Zu</span> <span class='ocrx_word' id='word_1_235' title='bbox 714 2219 816 2254; x_wconf 83' lang='lat'>6765.</span> <span class='ocrx_word' id='word_1_236' title='bbox 859 2218 917 2253; x_wconf 87' lang='lat' dir='ltr'>Or.</span> <span class='ocrx_word' id='word_1_237' title='bbox 944 2219 1026 2262; x_wconf 89' lang='lat' dir='ltr'>Pap.</span> <span class='ocrx_word' id='word_1_238' title='bbox 1053 2217 1128 2262; x_wconf 82' lang='lat' dir='ltr'>Ssp.</span> <span class='ocrx_word' id='word_1_239' title='bbox 1174 2218 1309 2252; x_wconf 84' lang='lat' dir='ltr'>H&#39;ochst</span> <span class='ocrx_word' id='word_1_240' title='bbox 1333 2218 1624 2253; x_wconf 85' lang='lat' dir='ltr'>wahrscheinlich</span> <span class='ocrx_word' id='word_1_241' title='bbox 1647 2218 1756 2263; x_wconf 82' lang='lat' dir='ltr'>h&#39;angt</span> <span class='ocrx_word' id='word_1_242' title='bbox 1780 2218 1867 2252; x_wconf 88' lang='lat' dir='ltr'>doch</span> <span class='ocrx_word' id='word_1_243' title='bbox 1892 2217 2002 2251; x_wconf 85' lang='lat' dir='ltr'>dieses</span> 
     </span>
     <span class='ocr_line' id='line_1_29' title="bbox 382 2277 2003 2334; baseline -0.002 -21"><span class='ocrx_word' id='word_1_244' title='bbox 382 2279 637 2323; x_wconf 78' lang='lat' dir='ltr'>merkwiirdige</span> <span class='ocrx_word' id='word_1_245' title='bbox 662 2278 861 2334; x_wconf 75' lang='lat' dir='ltr'>Gutachten⁴</span> <span class='ocrx_word' id='word_1_246' title='bbox 888 2277 951 2311; x_wconf 85' lang='lat' dir='ltr'>mit</span> <span class='ocrx_word' id='word_1_247' title='bbox 981 2278 1048 2311; x_wconf 90' lang='grc'>(1611</span> <span class='ocrx_word' id='word_1_248' title='bbox 1073 2277 1206 2312; x_wconf 68' lang='lat' dir='ltr'>Planen</span> <span class='ocrx_word' id='word_1_249' title='bbox 1235 2277 1392 2312; x_wconf 84' lang='lat' dir='ltr'>Johanns</span> <span class='ocrx_word' id='word_1_250' title='bbox 1417 2277 1548 2313; x_wconf 83' lang='lat' dir='ltr'>XXII..</span> <span class='ocrx_word' id='word_1_251' title='bbox 1586 2277 1721 2312; x_wconf 82' lang='lat' dir='ltr'>iiberall</span> <span class='ocrx_word' id='word_1_252' title='bbox 1746 2277 1800 2311; x_wconf 90' lang='lat' dir='ltr'>die</span> <span class='ocrx_word' id='word_1_253' title='bbox 1826 2277 2003 2311; x_wconf 83' lang='lat' dir='ltr'>Bistiimer</span> 
     </span>
    </p>
   </div>
   <div class='ocr_carea' id='block_1_3' title="bbox 382 2330 2003 2439">
    <p class='ocr_par' dir='ltr' id='par_1_4' title="bbox 382 2330 2003 2439">
     <span class='ocr_line' id='line_1_30' title="bbox 383 2330 2003 2381; baseline -0.002 -10"><span class='ocrx_word' id='word_1_254' title='bbox 383 2349 427 2372; x_wconf 92' lang='lat' dir='ltr'>zu</span> <span class='ocrx_word' id='word_1_255' title='bbox 443 2337 559 2380; x_wconf 82' lang='lat' dir='ltr'>teilen,</span> <span class='ocrx_word' id='word_1_256' title='bbox 585 2348 796 2371; x_wconf 83' lang='lat' dir='ltr'>zusammen.</span> <span class='ocrx_word' id='word_1_257' title='bbox 838 2330 936 2371; x_wconf 80' lang='lat' dir='ltr'>Uber</span> <span class='ocrx_word' id='word_1_258' title='bbox 961 2336 1028 2370; x_wconf 82' lang='lat' dir='ltr'>den</span> <span class='ocrx_word' id='word_1_259' title='bbox 1045 2336 1195 2370; x_wconf 82' lang='lat' dir='ltr'>friihern</span> <span class='ocrx_word' id='word_1_260' title='bbox 1212 2336 1444 2381; x_wconf 83' lang='lat' dir='ltr'>Kriegsmann</span> <span class='ocrx_word' id='word_1_261' title='bbox 1462 2337 1532 2371; x_wconf 89' lang='lat' dir='ltr'>und</span> <span class='ocrx_word' id='word_1_262' title='bbox 1550 2336 1748 2371; x_wconf 85' lang='lat' dir='ltr'>Gesandten</span> <span class='ocrx_word' id='word_1_263' title='bbox 1765 2336 1836 2371; x_wconf 89' lang='lat' dir='ltr'>und</span> <span class='ocrx_word' id='word_1_264' title='bbox 1851 2335 2003 2380; x_wconf 84' lang='lat' dir='ltr'>J&#39;etzigen</span> 
     </span>
     <span class='ocr_line' id='line_1_31' title="bbox 382 2394 1198 2439; baseline -0.001 -9"><span class='ocrx_word' id='word_1_265' title='bbox 382 2396 631 2431; x_wconf 83' lang='lat' dir='ltr'>Dominikaner</span> <span class='ocrx_word' id='word_1_266' title='bbox 655 2396 693 2430; x_wconf 84' lang='lat' dir='ltr'>P.</span> <span class='ocrx_word' id='word_1_267' title='bbox 721 2396 762 2430; x_wconf 90' lang='lat' dir='ltr'>de</span> <span class='ocrx_word' id='word_1_268' title='bbox 787 2396 871 2430; x_wconf 81' lang='lat' dir='ltr'>Ixar</span> <span class='ocrx_word' id='word_1_269' title='bbox 895 2394 963 2439; x_wconf 81' lang='lat' dir='ltr'>vgl.</span> <span class='ocrx_word' id='word_1_270' title='bbox 988 2394 1198 2439; x_wconf 84' lang='lat' dir='ltr'>Einleitung.</span> 
     </span>
    </p>
   </div>
   <div class='ocr_carea' id='block_1_4' title="bbox 387 2479 2004 2616">
    <p class='ocr_par' dir='ltr' id='par_1_5' title="bbox 387 2479 2004 2616">
     <span class='ocr_line' id='line_1_32' title="bbox 387 2479 2004 2546; baseline -0.002 -13"><span class='ocrx_word' id='word_1_271' title='bbox 387 2493 484 2534; x_wconf 83' lang='lat'><strong>537.</strong></span> <span class='ocrx_word' id='word_1_272' title='bbox 517 2492 678 2546; x_wconf 73' lang='lat' dir='ltr'>Jayme</span> <span class='ocrx_word' id='word_1_273' title='bbox 715 2492 782 2533; x_wconf 90' lang='lat' dir='ltr'>II.</span> <span class='ocrx_word' id='word_1_274' title='bbox 819 2490 948 2533; x_wconf 84' lang='lat' dir='ltr'>ladet</span> <span class='ocrx_word' id='word_1_275' title='bbox 984 2491 1120 2532; x_wconf 89' lang='lat' dir='ltr'>einen</span> <span class='ocrx_word' id='word_1_276' title='bbox 1157 2491 1436 2544; x_wconf 70' lang='lat' dir='ltr'>Inquisitor,</span> <span class='ocrx_word' id='word_1_277' title='bbox 1477 2491 1562 2534; x_wconf 89' lang='lat' dir='ltr'>der</span> <span class='ocrx_word' id='word_1_278' title='bbox 1599 2491 1699 2533; x_wconf 88' lang='lat' dir='ltr'>sich</span> <span class='ocrx_word' id='word_1_279' title='bbox 1737 2479 2004 2542; x_wconf 75' lang='lat' dir='ltr'>Ubergriffe</span> 
     </span>
     <span class='ocr_line' id='line_1_33' title="bbox 534 2559 1861 2616; baseline -0.002 -12"><span class='ocrx_word' id='word_1_280' title='bbox 534 2562 719 2604; x_wconf 86' lang='lat' dir='ltr'>erlaubt</span> <span class='ocrx_word' id='word_1_281' title='bbox 749 2562 846 2615; x_wconf 88' lang='lat' dir='ltr'>hat,</span> <span class='ocrx_word' id='word_1_282' title='bbox 878 2573 975 2604; x_wconf 85' lang='lat' dir='ltr'>vor.</span> <span class='ocrx_word' id='word_1_283' title='bbox 1036 2561 1305 2614; x_wconf 81' lang='lat' dir='ltr'>Tarragona</span> <span class='ocrx_word' id='word_1_284' title='bbox 1336 2561 1550 2616; x_wconf 75' lang='lat'>(1319)·20</span> <span class='ocrx_word' id='word_1_285' title='bbox 1580 2562 1758 2605; x_wconf 86' lang='lat' dir='ltr'>Januar</span> <span class='ocrx_word' id='word_1_286' title='bbox 1790 2559 1861 2602; x_wconf 75' lang='lat'>23.</span> 
     </span>
    </p>
   </div>
   <div class='ocr_carea' id='block_1_5' title="bbox 526 2640 2006 2699">
    <p class='ocr_par' dir='ltr' id='par_1_6' title="bbox 526 2640 2006 2699">
     <span class='ocr_line' id='line_1_34' title="bbox 526 2640 2006 2699; baseline -0.002 -14"><span class='ocrx_word' id='word_1_287' title='bbox 526 2644 724 2686; x_wconf 83' lang='lat' dir='ltr'>Jacobus</span> <span class='ocrx_word' id='word_1_288' title='bbox 758 2646 838 2685; x_wconf 88' lang='grc'>616.</span> <span class='ocrx_word' id='word_1_289' title='bbox 878 2642 1091 2698; x_wconf 85' lang='grc'>161181050</span> <span class='ocrx_word' id='word_1_290' title='bbox 1124 2642 1258 2685; x_wconf 83' lang='lat' dir='ltr'>fratri</span> <span class='ocrx_word' id='word_1_291' title='bbox 1289 2643 1493 2686; x_wconf 87' lang='lat' dir='ltr'>Arnaldo</span> <span class='ocrx_word' id='word_1_292' title='bbox 1526 2643 1714 2699; x_wconf 82' lang='lat' dir='ltr'>Burgeti</span> <span class='ocrx_word' id='word_1_293' title='bbox 1745 2640 2006 2698; x_wconf 83' lang='lat' dir='ltr'>inquisitori</span> 
     </span>
    </p>
   </div>
   <div class='ocr_carea' id='block_1_6' title="bbox 387 2710 2004 2827">
    <p class='ocr_par' dir='ltr' id='par_1_7' title="bbox 387 2710 2004 2827">
     <span class='ocr_line' id='line_1_35' title="bbox 387 2710 2004 2769; baseline -0.002 -13"><span class='ocrx_word' id='word_1_294' title='bbox 387 2714 582 2756; x_wconf 83' lang='lat' dir='ltr'>heretice</span> <span class='ocrx_word' id='word_1_295' title='bbox 604 2713 846 2769; x_wconf 79' lang='lat' dir='ltr'>pravitatis</span> <span class='ocrx_word' id='word_1_296' title='bbox 870 2716 951 2755; x_wconf 87' lang='lat' dir='ltr'>etc.</span> <span class='ocrx_word' id='word_1_297' title='bbox 993 2711 1105 2755; x_wconf 86' lang='lat' dir='ltr'>Cum</span> <span class='ocrx_word' id='word_1_298' title='bbox 1129 2714 1186 2755; x_wconf 93' lang='lat' dir='ltr'>ad</span> <span class='ocrx_word' id='word_1_299' title='bbox 1209 2713 1485 2756; x_wconf 86' lang='lat' dir='ltr'>audientiam</span> <span class='ocrx_word' id='word_1_300' title='bbox 1508 2716 1714 2757; x_wconf 89' lang='lat' dir='ltr'>nostram</span> <span class='ocrx_word' id='word_1_301' title='bbox 1735 2710 2004 2768; x_wconf 87' lang='lat' dir='ltr'>pervenerit,</span> 
     </span>
     <span class='ocr_line' id='line_1_36' title="bbox 456 2780 2004 2827; baseline -0.003 -8"><span class='ocrx_word' id='word_1_302' title='bbox 456 2783 510 2809; x_wconf 76' lang='lat'>536</span> <span class='ocrx_word' id='word_1_303' title='bbox 528 2784 557 2819; x_wconf 59' lang='grc' dir='ltr'>ὃ)</span> <span class='ocrx_word' id='word_1_304' title='bbox 582 2782 639 2817; x_wconf 88' lang='grc'>1110</span> <span class='ocrx_word' id='word_1_305' title='bbox 666 2783 724 2819; x_wconf 85' lang='grc'>01.</span> <span class='ocrx_word' id='word_1_306' title='bbox 774 2783 803 2827; x_wconf 82' lang='lat' dir='ltr'>b)</span> <span class='ocrx_word' id='word_1_307' title='bbox 830 2783 904 2817; x_wconf 86' lang='lat' dir='ltr'>iura</span> <span class='ocrx_word' id='word_1_308' title='bbox 930 2784 987 2817; x_wconf 89' lang='lat' dir='ltr'>Or.</span> <span class='ocrx_word' id='word_1_309' title='bbox 1038 2783 1089 2817; x_wconf 89' lang='lat' dir='ltr'>Ob</span> <span class='ocrx_word' id='word_1_310' title='bbox 1114 2783 1270 2818; x_wconf 75' lang='lat' dir='ltr'>iuribus?</span> <span class='ocrx_word' id='word_1_311' title='bbox 1309 2783 1401 2818; x_wconf 83' lang='lat' dir='ltr'>Oder</span> <span class='ocrx_word' id='word_1_312' title='bbox 1425 2783 1468 2818; x_wconf 89' lang='lat' dir='ltr'>ob</span> <span class='ocrx_word' id='word_1_313' title='bbox 1494 2786 1600 2818; x_wconf 84' lang='lat' dir='ltr'>etwas</span> <span class='ocrx_word' id='word_1_314' title='bbox 1625 2783 1740 2817; x_wconf 75' lang='lat' dir='ltr'>fehlt?</span> <span class='ocrx_word' id='word_1_315' title='bbox 1784 2786 1812 2823; x_wconf 84' lang='lat' dir='ltr'>c)</span> <span class='ocrx_word' id='word_1_316' title='bbox 1838 2781 1922 2815; x_wconf 81' lang='lat' dir='ltr'>fflud</span> <span class='ocrx_word' id='word_1_317' title='bbox 1947 2780 2004 2815; x_wconf 89' lang='lat' dir='ltr'>Or.</span> 
     </span>
    </p>
   </div>
   <div class='ocr_carea' id='block_1_7' title="bbox 389 2845 669 2849">
    <p class='ocr_par' dir='ltr' id='par_1_8' title="bbox 389 2845 669 2849">
     <span class='ocr_line' id='line_1_37' title="bbox 389 2845 669 2849; baseline 0 0"><span class='ocrx_word' id='word_1_318' title='bbox 389 2845 669 2849; x_wconf 95' lang='lat' dir='ltr'> </span> 
     </span>
    </p>
   </div>
   <div class='ocr_carea' id='block_1_8' title="bbox 457 2865 983 2909">
    <p class='ocr_par' dir='ltr' id='par_1_9' title="bbox 457 2865 983 2909">
     <span class='ocr_line' id='line_1_38' title="bbox 457 2865 983 2909; baseline 0.002 -12"><span class='ocrx_word' id='word_1_319' title='bbox 457 2865 510 2892; x_wconf 77' lang='grc'>536</span> <span class='ocrx_word' id='word_1_320' title='bbox 530 2865 556 2907; x_wconf 79' lang='lat'>2)</span> <span class='ocrx_word' id='word_1_321' title='bbox 581 2865 629 2899; x_wconf 87' lang='lat' dir='ltr'>Er</span> <span class='ocrx_word' id='word_1_322' title='bbox 653 2865 772 2900; x_wconf 87' lang='lat' dir='ltr'>wurde</span> <span class='ocrx_word' id='word_1_323' title='bbox 797 2865 983 2909; x_wconf 82' lang='lat' dir='ltr'>abgesetzt.</span> 
     </span>
    </p>
   </div>
   <div class='ocr_carea' id='block_1_9' title="bbox 388 2922 2007 3086">
    <p class='ocr_par' dir='ltr' id='par_1_10' title="bbox 388 2922 2007 3086">
     <span class='ocr_line' id='line_1_39' title="bbox 529 2922 2005 2968; baseline -0.001 -11"><span class='ocrx_word' id='word_1_324' title='bbox 529 2922 556 2968; x_wconf 85' lang='lat'>3)</span> <span class='ocrx_word' id='word_1_325' title='bbox 582 2923 672 2958; x_wconf 81' lang='lat' dir='ltr'>statt</span> <span class='ocrx_word' id='word_1_326' title='bbox 696 2923 824 2968; x_wconf 76' lang='lat' dir='ltr'>folgar!</span> <span class='ocrx_word' id='word_1_327' title='bbox 862 2923 1055 2958; x_wconf 86' lang='lat' dir='ltr'>Immerhin</span> <span class='ocrx_word' id='word_1_328' title='bbox 1081 2924 1137 2958; x_wconf 87' lang='lat' dir='ltr'>ein</span> <span class='ocrx_word' id='word_1_329' title='bbox 1162 2925 1295 2959; x_wconf 85' lang='lat' dir='ltr'>starker</span> <span class='ocrx_word' id='word_1_330' title='bbox 1320 2925 1503 2959; x_wconf 83' lang='lat' dir='ltr'>Ausdruck</span> <span class='ocrx_word' id='word_1_331' title='bbox 1541 2925 1602 2959; x_wconf 83' lang='lat' dir='ltr'>fiir</span> <span class='ocrx_word' id='word_1_332' title='bbox 1626 2924 1729 2959; x_wconf 87' lang='lat' dir='ltr'>einen</span> <span class='ocrx_word' id='word_1_333' title='bbox 1754 2923 2005 2958; x_wconf 84' lang='lat' dir='ltr'>Ordensmann.</span> 
     </span>
     <span class='ocr_line' id='line_1_40' title="bbox 529 2981 2007 3026; baseline -0.002 -9"><span class='ocrx_word' id='word_1_334' title='bbox 529 2983 556 3026; x_wconf 79' lang='lat'>⁴)</span> <span class='ocrx_word' id='word_1_335' title='bbox 581 2982 652 3017; x_wconf 84' lang='lat' dir='ltr'>Das</span> <span class='ocrx_word' id='word_1_336' title='bbox 677 2983 785 3017; x_wconf 87' lang='lat' dir='ltr'>heisst</span> <span class='ocrx_word' id='word_1_337' title='bbox 815 2983 918 3017; x_wconf 90' lang='lat' dir='ltr'>doch:</span> <span class='ocrx_word' id='word_1_338' title='bbox 944 2983 990 3017; x_wconf 90' lang='lat' dir='ltr'>Es</span> <span class='ocrx_word' id='word_1_339' title='bbox 1014 2983 1148 3017; x_wconf 89' lang='lat' dir='ltr'>kommt</span> <span class='ocrx_word' id='word_1_340' title='bbox 1173 2983 1299 3018; x_wconf 87' lang='lat' dir='ltr'>ebenso</span> <span class='ocrx_word' id='word_1_341' title='bbox 1328 2983 1397 3018; x_wconf 71' lang='lat' dir='ltr'>viel</span> <span class='ocrx_word' id='word_1_342' title='bbox 1423 2984 1477 3017; x_wconf 86' lang='lat' dir='ltr'>ein</span> <span class='ocrx_word' id='word_1_343' title='bbox 1507 2995 1575 3018; x_wconf 84' lang='lat' dir='ltr'>von</span> <span class='ocrx_word' id='word_1_344' title='bbox 1599 2983 1714 3017; x_wconf 76' lang='lat' dir='ltr'>vielen</span> <span class='ocrx_word' id='word_1_345' title='bbox 1739 2982 1927 3016; x_wconf 78' lang='lat' dir='ltr'>Bisch&#39;ofen</span> <span class='ocrx_word' id='word_1_346' title='bbox 1952 2981 2007 3015; x_wconf 88' lang='lat' dir='ltr'>bei</span> 
     </span>
     <span class='ocr_line' id='line_1_41' title="bbox 388 3041 1331 3086; baseline 0 -10"><span class='ocrx_word' id='word_1_347' title='bbox 388 3042 554 3086; x_wconf 71' lang='grc'>1116551861</span> <span class='ocrx_word' id='word_1_348' title='bbox 579 3041 719 3086; x_wconf 79' lang='lat' dir='ltr'>Abgabe</span> <span class='ocrx_word' id='word_1_349' title='bbox 745 3041 795 3076; x_wconf 86' lang='lat' dir='ltr'>als</span> <span class='ocrx_word' id='word_1_350' title='bbox 819 3041 874 3075; x_wconf 92' lang='lat' dir='ltr'>bei</span> <span class='ocrx_word' id='word_1_351' title='bbox 899 3041 1058 3086; x_wconf 85' lang='lat' dir='ltr'>wenigen</span> <span class='ocrx_word' id='word_1_352' title='bbox 1082 3041 1146 3076; x_wconf 82' lang='lat' dir='ltr'>mit</span> <span class='ocrx_word' id='word_1_353' title='bbox 1169 3042 1331 3086; x_wconf 78' lang='lat' dir='ltr'>grosser?</span> 
     </span>
    </p>
   </div>
  </div>
 </body>
</html>
