2296 3512
948 227 1254 266 —845—

434 354 517 396 Reg.
544 355 611 388 255
639 353 697 386 fol.
731 354 809 394 1843
842 352 902 386 fol.
934 354 996 387 185
1024 352 1124 385 bittet
1151 363 1188 386 er
1215 352 1356 385 Bischot'
1382 362 1447 385 von
1475 351 1641 385 Valencia
1666 351 1834 394 dringend
1860 361 1915 383 am

293 412 415 446 Konzil
441 412 710 453 teilzunehmen,
737 414 784 453 ut,
811 413 913 454 prout
938 411 1080 454 provide
1108 411 1304 455 paternitati
1330 413 1445 444 vestre
1473 409 1656 451 videbitur,
1691 409 1783 443 circa
1809 409 1915 442 corri-

292 472 404 515 genda
434 472 467 504 in
501 470 643 505 consilio
670 499 678 506 .
706 497 713 504 .
741 498 748 506 .
776 480 916 513 operam
943 497 950 504 .
978 497 986 504 .
1015 497 1021 502 .
1049 470 1266 513 impendatis.
1317 469 1482 503 Dasselbe
1509 469 1641 502 datum.
1690 471 1746 502 An
1772 468 1915 502 Bischof

294 532 334 564 A.
362 541 429 564 von
453 530 610 572 Tortosa,
637 529 764 563 Martin
789 539 857 562 von
883 528 1038 565 Huesca,
1065 528 1189 561 Petrus
1216 538 1280 561 von
1308 528 1448 569 Lerida,
1481 527 1630 561 Peneius
1662 527 1821 561 Vicensis
1847 527 1916 560 und

293 589 493 623 Bernardus
526 599 594 622 von
632 588 787 622 Gerena:
821 586 930 620 sollen
968 587 1029 619 fiir
1068 586 1303 628 Aljviinderung
1336 597 1469 629 sorgen.
1532 586 1629 620 Scire
1661 588 1820 629 preterea
1858 597 1916 619 vo,

294 647 464 690 volumus,
491 647 592 692 quod,
619 647 648 681 si
674 657 775 680 secus
794 645 946 680 cujusvis
972 645 1176 679 induccione
1203 645 1310 679 fueiit
1328 645 1533 688 ordinatum,
1561 656 1635 678 rem
1652 656 1722 678 non
1740 645 1918 689 paciemur

293 706 358 740 sub
383 706 585 741 conivencia
609 705 830 749 pertransire,
869 707 907 738 ut
932 704 1080 738 fecimus
1118 715 1228 748 usque
1254 704 1366 739 modo.
1393 724 1437 728 —
1464 704 1581 748 Gegen
1619 704 1687 738 den
1711 703 1917 738 Erzbischot'

293 765 388 798 hatte
415 766 476 799 der
501 765 613 809 Konig
639 765 728 798 auch
754 766 850 798 sonst
875 763 947 797 sich
976 774 1018 797 zu
1045 762 1220 807 beklagen.

295 909 393 949 525.
427 907 628 950 Bischof
654 907 880 948 Martinus
913 918 1001 948 von
1037 907 1215 948 Huesca
1248 919 1304 947 an
1337 906 1497 961 Jayme
1530 907 1618 948 IL:
1663 906 1801 947 nahm
1844 918 1918 947 am

296 978 719 1021 Provinzialkonzil
752 978 853 1031 teil,
886 978 991 1019 weil
1024 989 1072 1019 es
1104 977 1246 1029 hiess,
1280 977 1360 1018 (las
1384 977 1551 1019 Konzil
1585 977 1702 1019 solle
1729 989 1812 1017 zur
1832 977 1916 1018 Be-

293 1049 680 1102 eintriichtigung
712 1048 795 1089 (161·
826 1047 1132 1101 koniglichen
1153 1047 1330 1089 Rechte
1353 1048 1573 1100 gehalten
1594 1047 1793 1099 werden,
1826 1046 1918 1088 alle

292 1119 515 1162 Bischofe
560 1130 713 1161 waren
752 1119 964 1161 besti'u'zt
994 1120 1112 1160 iiber
1144 1118 1270 1160 (liese
1303 1117 1710 1171 Anschuldigung3
1754 1117 1918 1159 keiner

293 1190 429 1233 wolle
477 1191 563 1233 (1611
602 1189 760 1243 Ktinig
803 1190 1032 1240 kriinkem
1083 1189 1336 1232 Schreiben
1385 1189 1464 1231 (les
1502 1189 1696 1232 Konzils
1735 1201 1793 1229 an
1831 1187 1918 1229 (1611

570 1260 741 1314 Konig.
804 1261 1075 1303 Tarra20na
1106 1259 1290 1313 (13153)
1325 1260 1534 1301 Februa-r
1565 1260 1635 1301 20.

436 1367 725 1409 Reverendus
767 1370 898 1422 pater
945 1366 1311 1421 archiepiscopus
1350 1365 1698 1407 Terraconensis
1739 1379 1810 1406 me
1851 1378 1917 1406 re-

294 1440 429 1494 pente
458 1440 501 1480 et
536 1437 803 1480 festinanter
836 1438 892 1479 ad
926 1437 1164 1479 concilium
1198 1436 1403 1479 evocavit
1437 1440 1479 1478 et
1511 1436 1704 1491 receptis
1738 1436 1919 1489 quibus-

296 1510 400 1550 dam
432 1508 596 1550 vestris
637 1508 802 1550 litteris
843 1510 963 1564 apud
996 1507 1176 1559 Oscam,
1217 1508 1262 1549 in
1302 1508 1464 1563 quibus
1501 1508 1628 1549 innui
1665 1507 1917 1555 videbatur,

296 1580 416 1635 quod
458 1579 627 1621 dictum
670 1579 907 1622 concilium
950 1579 1144 1621 debebat
1183 1579 1283 1621 fieri
1320 1579 1366 1620 in
1407 1578 1737 1621 iurisdiccionis
1770 1580 1919 1620 vestre

295 1653 340 1692 et
388 1653 640 1692 vestrorum
694 1663 784 1692 non
825 1650 1049 1692 modicum
1095 1651 1437 1702 detrimentum,
1491 1649 1555 1691 fui
1603 1662 1739 1703 quam
1777 1648 1919 1703 pluri-

295 1734 419 1763 mum
462 1722 771 1764 conturbatus.
836 1722 893 1763 Et
939 1734 1214 1776 quamquam
1259 1735 1329 1762 me
1371 1733 1553 1776 possem
1585 1719 1920 1761 rationabiliter

297 1805 525 1844 excusare,
560 1805 640 1834 nec
673 1794 1018 1847 proponeremss)
1045 1793 1101 1833 ad
1130 1791 1297 1833 dictum
1318 1791 1554 1832 concilium
1575 1790 1831 1832 convenire:
1867 1803 1919 1831 ex

296 1863 382 1904 hiis
416 1866 586 1915 tamen,
633 1876 718 1918 que
751 1864 796 1904 in
829 1862 995 1905 vestris
1029 1863 1376 1905 continebantur
1407 1861 1588 1913 litteris,
1622 1861 1831 1914 fatiensa)
1866 1861 1920 1902 de

297 1933 564 1976 necessitate
588 1935 802 1976 virtutem
828 1935 948 1989 apud
971 1934 1285 1985 Terraconam,
1320 1933 1397 1975 ubi
1419 1933 1684 1974 mandatum
1709 1934 1806 1973 erat
1829 1931 1919 1973 dic-

296 2007 393 2045 tum
420 2004 671 2057 concilium,
707 2004 942 2047 declinavi.
991 2005 1049 2046 Et
1083 2018 1184 2046 cum
1217 2018 1419 2047 essemus
1440 2004 1487 2045 in
1510 2005 1710 2045 tractatu
1729 2002 1918 2052 concilii,

299 2075 390 2117 vidi
423 2075 652 2117 dominnm
687 2076 1078 2132 archiepiscopum
1113 2079 1156 2117 et
1189 2075 1303 2117 alios
1337 2075 1588 2130 episcopos,
1622 2074 1698 2129 (1111
1720 2074 1784 2115 ibi
1817 2074 1919 2115 ade-

296 2149 414 2198 rant,
448 2146 578 2188 valde
610 2147 818 2189 turbatos
852 2148 904 2189 de
937 2147 1038 2195 hiis,
1080 2160 1165 2202 que
1206 2145 1526 2189 dominationis
1558 2148 1707 2188 vestre
1741 2144 1919 2187 celsitu-

298 2217 391 2258 dini
422 2231 504 2272 per
537 2217 710 2271 aliquos
751 2217 925 2260 emulos
963 2218 1202 2273 proposita
1241 2216 1494 2259 adulatorie
1526 2216 1706 2258 fuerant
1739 2218 1783 2257 et
1816 2228 1919 2270 sug-

298 2291 440 2342 gesta,
475 2287 590 2329 sicut
622 2291 771 2330 vestre
803 2289 953 2330 littere
985 2288 1259 2330 indicabant.
1323 2289 1381 2330 Et
1413 2288 1518 2339 vidi,
1548 2288 1667 2341 quod
1689 2299 1919 2341 nunquam

298 2359 502 2401 ascendit
533 2358 579 2399 in
614 2372 690 2400 cor
723 2358 914 2401 alicuius
946 2359 1125 2415 prelati,
1159 2373 1240 2401 nec
1267 2372 1349 2414 ego
1373 2358 1643 2414 specialiter,
1673 2357 1749 2413 qui
1775 2356 1918 2398 factu-

298 2443 397 2471 ram
445 2432 643 2471 vestram
691 2443 761 2470 me
811 2434 992 2485 reputo,
1043 2444 1126 2485 pro
1173 2430 1303 2472 oculo
1347 2429 1509 2485 capitis
1558 2428 1918 2481 consentirein,³)

300 2501 418 2555 quod
472 2500 643 2554 aliquid
704 2500 749 2541 in
811 2500 1154 2542 diminutionem
1220 2514 1298 2543 seu
1363 2500 1704 2555 derogationem
1768 2512 1919 2553 mage-

299 2571 431 2614 statis
479 2571 600 2625 regie
649 2571 938 2612 ordinaretur
979 2571 1024 2612 in
1070 2572 1259 2614 concilio
1307 2574 1579 2613 memorato:
1628 2584 1732 2625 ymo
1778 2569 1918 2611 domi-

298 2655 383 2684 nus
407 2641 772 2697 archiepiscopus
805 2641 957 2696 palam
990 2642 1167 2684 locutus
1201 2646 1282 2695 est,
1318 2644 1437 2698 quod
1471 2642 1607 2685 cicius
1634 2642 1919 2684 renunciaret

294 2711 723 2767 archiepiscopatui,
757 2725 892 2766 quam
910 2712 955 2753 in
975 2712 1125 2767 aliquo
1145 2713 1390 2755 offenderet
1411 2713 1583 2768 regiam
1606 2715 1916 2767 magestatem.

298 2784 356 2824 Et
397 2783 435 2825 si
477 2783 625 2837 alique
666 2782 916 2837 preiudicia
957 2782 1045 2824 sibi
1084 2782 1265 2825 fuerant
1306 2797 1387 2839 per
1431 2783 1623 2825 ballivos
1656 2786 1831 2825 vestros
1873 2783 1918 2824 in

301 2854 482 2895 civitate
522 2853 592 2894 vel
635 2853 680 2894 in
726 2866 885 2908 campo
924 2853 1279 2896 Terrachonensi
1322 2854 1514 2896 forsitan
1559 2853 1787 2908 irrogata,
1834 2867 1919 2908 que

296 2925 512 2966 credebat
544 2924 671 2966 vobis
704 2923 944 2978 ignorante
977 2923 1072 2965 fore
1096 2924 1355 2967 commissa:
1389 2924 1667 2979 supplicaret
1691 2923 1919 2965 humiliter

370 3005 422 3033 525
442 3007 470 3041 a)
497 3006 540 3040 So
567 3005 624 3041 Or.
