2296 3512
1005 290 1313 329 —734—

356 415 512 459 fideles
537 418 579 458 et
606 415 829 458 vassallos
847 422 1029 458 nostros
1047 416 1248 471 graviter
1275 416 1547 467 ostendissen
1566 417 1783 459 mittendo
1807 418 1980 472 galeas,

359 488 606 529 exercendo
639 486 878 541 piraticam
908 490 951 528 et
983 487 1170 529 hostiles
1193 486 1400 529 incursus
1423 488 1468 529 in
1491 491 1589 530 tota
1611 487 1980 530 circumferencia

357 558 491 612 regni
528 557 674 599 nostri
707 591 715 598 .
751 590 759 597 .
796 591 804 598 .
869 557 1055 599 Noviter
1095 570 1202 599 vero
1243 557 1368 599 misit
1399 558 1593 600 Leonem
1626 558 1834 612 Muletiss>
1868 558 1981 600 dicti

358 627 542 683 cognati
586 627 732 670 nostri
774 627 1021 669 vassallum
1070 630 1113 670 et
1157 627 1394 670 officialem
1446 630 1502 670 ad
1540 629 1847 684 recipiendum
1895 629 1979 670 sub

357 699 538 739 nomine
584 703 627 740 et
667 711 752 753 pro
797 704 926 753 parte
974 698 1117 753 ipsius
1165 699 1334 740 domini
1380 712 1497 754 pape
1543 704 1689 742 terras
1740 703 1782 741 et
1827 704 1981 741 castra

358 767 581 819 Calabria
616 782 700 823 que
732 782 814 824 per
846 775 1021 812 vestros
1050 773 1093 810 et
1124 770 1264 811 vestri
1296 769 1465 825 college
1497 770 1834 813 commissarios
1857 773 1978 811 tene-

357 839 537 891 bantur,
565 839 609 880 in
633 844 894 881 nostrorum
918 839 1084 881 iurium
1109 840 1443 892 detrimentum,
1478 841 1554 895 qui
1589 844 1631 882 et
1655 841 1732 882 alii
1754 840 1980 896 capitanei

356 909 663 965 predictorum
685 909 902 962 locorum,
931 924 1016 965 que
1039 923 1119 965 per
1142 910 1373 952 dominum
1397 924 1564 966 papam
1589 911 1731 953 teneri
1754 912 1981 963 dicuntur,

358 980 553 1035 qualiter
585 994 632 1023 se
663 980 906 1022 habuerint
939 994 1047 1036 erga
1078 981 1234 1022 fideles
1275 985 1455 1023 nostros
1496 986 1599 1036 post
1639 982 1783 1037 ipsius
1815 981 1982 1024 Leonis

358 1052 616 1103 adventum,
650 1065 731 1106 per
763 1051 995 1093 dominum
1019 1052 1198 1093 Petrum
1227 1050 1445 1106 Stephani
1458 1052 1495 1106 7)
1518 1057 1773 1107 presentem
1801 1053 1846 1093 in
1874 1066 1980 1108 par-

357 1122 479 1164 tibus
512 1122 624 1177 ipsis
659 1156 666 1163 .
704 1156 710 1162 .
747 1156 754 1163 .
789 1121 998 1177 poteritis
1026 1121 1263 1164 informari
1299 1156 1306 1162 .
1344 1156 1351 1163 .
1387 1156 1394 1163 .
1430 1122 1650 1164 Asseritis
1674 1123 1825 1175 etiam,
1860 1124 1979 1178 quod

356 1192 587 1234 miramini
608 1193 814 1240 111111111111,
840 1193 944 1248 quia
964 1193 1133 1235 dictum
1157 1198 1398 1248 cognatum
1422 1199 1625 1235 nostrum
1653 1193 1981 1235 diffidavimus:

357 1264 495 1305 Novit
526 1263 662 1316 Deus,
708 1265 827 1318 quod
874 1264 956 1305 hoc
1000 1277 1088 1305 11011
1122 1263 1309 1306 fecimus
1351 1263 1397 1304 in
1429 1263 1776 1305 irreverenciam
1812 1264 1982 1306 domini

358 1348 474 1390 pape
506 1335 584 1377 sed
610 1335 656 1375 in
684 1343 838 1376 nostra
873 1334 1054 1377 iusticia
1087 1334 1361 1386 insistentes,
1397 1335 1453 1376 ad
1487 1334 1594 1376 dicti
1628 1335 1808 1390 cognati
1834 1334 1983 1377 nostri

356 1405 602 1460 ingeniosis
635 1405 909 1447 tractatibus
942 1405 1230 1447 obviandum.
1296 1406 1410 1447 Nam
1442 1405 1540 1460 ipse
1574 1410 1794 1460 cognatus
1822 1408 1981 1448 noster

358 1476 501 1531 primo
537 1476 702 1517 dictam
737 1480 974 1530 treuguam
1009 1476 1138 1518 nobis
1172 1475 1361 1518 violavit
1394 1479 1549 1531 aperte
1582 1476 1627 1517 in
1660 1477 1809 1518 Janua
1843 1477 1980 1518 offen-

359 1547 502 1588 dendo
538 1581 544 1587 .
582 1580 589 1587 .
626 1580 632 1586 .
670 1547 891 1589 vassallos
934 1550 1130 1599 nostros,
1181 1546 1390 1589 videlicet
1431 1545 1688 1588 Conradum
1737 1548 1790 1589 de
1836 1547 1982 1589 Auria

360 1622 403 1658 et
436 1617 564 1668 alios,
600 1651 606 1657 .
635 1651 641 1658 .
669 1651 676 1657 .
713 1630 847 1672 quam
881 1616 1099 1660 offensam
1129 1631 1209 1673 per
1232 1616 1499 1672 Symeonem
1523 1616 1756 1673 Salugium
1790 1618 1980 1660 militem

361 1692 402 1730 et
436 1688 743 1730 consiliarium
777 1696 981 1730 nostrum
1019 1689 1198 1731 domino
1222 1702 1339 1744 pape
1374 1692 1417 1729 et
1441 1689 1557 1730 cetui
1582 1723 1589 1729 .
1615 1722 1622 1729 .
1650 1723 1658 1729 .
1683 1689 1982 1730 cardinalium

358 1758 546 1801 fecimus
589 1759 784 1801 reserari
819 1793 825 1800 .
863 1793 870 1800 .
908 1794 915 1801 .
981 1759 1067 1801 Sed
1109 1772 1288 1815 semper
1335 1759 1510 1801 addidit
1550 1759 1671 1801 mala
1713 1759 1845 1801 malis
1880 1794 1887 1801 .
1924 1793 1931 1800 .

504 1831 571 1871 Ad
618 1830 700 1872 hoc
744 1834 908 1880 autem,
953 1831 1072 1885 quod
1112 1830 1189 1872 itis
1225 1830 1594 1884 exemplificando
1634 1831 1835 1872 diversas
1880 1844 1984 1885 per-

360 1914 494 1943 sonas
530 1901 735 1942 videlicet
759 1902 813 1943 ab
837 1901 1112 1956 imperatore
1134 1901 1372 1943 Frederico
1396 1915 1538 1956 usque
1562 1901 1618 1942 ad
1641 1900 1980 1943 serenissimum

361 1972 589 2013 dominum
613 1985 764 2027 regem
787 1972 983 2014 Petrum.
1008 1973 1302 2014 reverendum
1327 1972 1556 2014 dominum
1578 1976 1754 2027 patrem
1773 1976 1980 2014 nostrum

360 2043 474 2084 bone
521 2043 753 2089 memorie,
804 2056 916 2098 quos
965 2043 1115 2085 dicitis
1162 2043 1302 2085 fuisse
1348 2043 1657 2085 inobedientes
1706 2043 1889 2084 ecclesie
1938 2046 1980 2084 et

360 2119 600 2169 propterea
638 2114 835 2169 dampna
878 2113 1074 2169 plurima
1113 2114 1252 2156 fuisse
1285 2126 1538 2169 perpessos,
1584 2126 1671 2168 (1110
1706 2114 1763 2155 ad
1794 2126 1983 2168 presens

362 2197 543 2226 causam
579 2184 799 2226 discordie
835 2188 877 2226 et
905 2185 1199 2227 dissensionis
1223 2190 1330 2226 tunc
1354 2184 1587 2226 existentis
1610 2184 1728 2225 inter
1750 2183 1982 2226 dominum

361 2268 542 2310 papam,
584 2255 660 2310 qui
704 2262 809 2296 tunc
844 2255 1063 2310 temporis
1099 2258 1209 2307 erat,
1245 2259 1287 2297 et
1321 2255 1488 2296 dictum
1523 2255 1752 2297 dominum
1784 2255 1982 2310 impera-

362 2331 505 2367 torem
539 2326 776 2368 nescimus.
840 2326 907 2381 Et,
931 2326 1031 2368 ideo
1065 2340 1145 2368 nec
1169 2327 1221 2368 de
1242 2326 1327 2368 hoc
1349 2339 1427 2367 nec
1452 2327 1504 2367 de
1538 2325 1640 2377 alio,
1675 2326 1795 2381 quod
1818 2326 1875 2367 ad
1896 2338 1984 2367 nos

362 2409 450 2438 non
483 2396 692 2450 pertinet,
720 2396 844 2451 loqui
869 2396 1074 2438 volumus
1098 2398 1175 2439 sed
1197 2403 1360 2438 tacere.
1403 2396 1647 2438 Possumus
1670 2399 1982 2438 verumtamen

363 2467 522 2508 dicere.
569 2468 688 2521 quod
733 2468 898 2509 scimus
942 2472 1076 2522 atque
1114 2467 1330 2519 fidemus,
1374 2471 1565 2522 apparet
1597 2480 1790 2522 namque
1824 2467 1983 2509 claris-

363 2537 494 2581 sime,
550 2538 668 2591 quod
718 2543 1026 2580 antecessores
1081 2538 1188 2579 dicti
1233 2537 1402 2580 domini
1448 2537 1758 2593 imperatoris,
1811 2536 1982 2579 domini

362 2607 522 2663 proavi
554 2608 712 2659 nostri,
746 2622 934 2663 regnum
967 2608 1090 2651 istud
1124 2607 1274 2650 Sicilie
1307 2609 1360 2650 de
1384 2607 1738 2650 Sal-racemorum
1770 2607 1980 2649 manibus

365 2677 667 2729 abstulerunn
721 2679 1058 2734 acquisiverunt
1105 2685 1147 2721 et
1194 2680 1249 2720 ad
1291 2682 1495 2720 sanctam
1535 2678 1668 2720 fidem
1712 2678 1979 2720 catholicam

365 2750 588 2791 duxerunt
601 2757 643 2790 et
657 2749 979 2791 edificaverunt
991 2749 1279 2791 devotissime
1295 2762 1448 2791 omnes
1463 2749 1674 2791 ecclesias
1683 2748 1982 2799 cathedrales,

365 2832 449 2875 que
476 2832 617 2873 usque
649 2820 694 2860 in
726 2820 993 2862 hodiernum
1026 2820 1144 2861 diem
1179 2825 1411 2875 apparent.
1475 2819 1621 2861 Multa
1653 2819 1793 2861 eciam
1825 2831 1979 2860 mona-

364 2890 503 2932 steria
533 2888 654 2931 infra
675 2904 862 2945 regnum
891 2891 978 2945 ipsi
1002 2896 1350 2933 construxerunt
1374 2893 1416 2932 et
1439 2903 1491 2931 ea
1515 2924 1522 2931 .
1550 2923 1557 2930 .
1584 2923 1592 2930 .
1616 2889 1825 2931 munifice
1851 2890 1982 2931 dota-

506 3005 532 3045 6)
559 3005 634 3050 Vgl.
662 3006 729 3040 den
755 3006 895 3041 Schluss
922 3007 1034 3040 dieser
1059 3007 1121 3040 ΝΥ.

506 3064 531 3103 7)
562 3065 634 3099 Den
661 3065 751 3099 auch
775 3065 811 3098 in
838 3065 903 3099 den
930 3065 1119 3099 Schreiben
1145 3065 1203 3099 des
1230 3064 1412 3099 Kardinals
1439 3065 1654 3099 Genannten.
