2296 3512
920 248 1237 288 —887—

270 379 495 434 Benignas
528 378 707 419 litteras
743 375 1007 418 excellencie
1040 377 1201 425 vestre,
1236 387 1348 429 quas
1380 372 1518 415 michi
1542 385 1624 428 per
1646 370 1888 414 Sanchium

271 451 457 504 Dayuar
497 448 688 490 militem
721 446 891 489 domini
932 445 1022 486 mei
1053 444 1174 500 regis
1209 445 1395 499 dignata
1428 446 1495 485 est
1526 443 1724 492 mittere,
1766 454 1890 482 reve—

271 523 424 562 renter
467 518 627 573 recepi.
692 517 744 559 In
777 516 939 572 quibus
975 515 1280 565 considerans,
1313 527 1437 556 meas
1470 513 1681 555 missivas
1714 511 1891 553 litteras

271 590 397 646 regio
430 589 615 631 culmini
651 591 807 643 gratas
842 600 952 638 esse,
986 589 1156 628 statum
1189 585 1364 640 regium
1396 584 1532 626 michi
1554 583 1708 625 infimo
1730 582 1892 624 maies-

273 664 413 703 tatem
467 660 641 714 regiam
695 657 901 700 benivole
956 656 1167 698 intimare
1221 659 1263 697 et
1313 654 1668 697 benivolenciam
1720 653 1893 708 regiam

272 731 409 774 michi
441 730 689 772 clementer
722 728 978 779 concedere,
1012 727 1158 768 Deum
1191 725 1327 768 laudo
1361 728 1404 767 et
1436 739 1507 767 me
1540 728 1583 767 et
1616 737 1712 767 esse
1743 737 1892 765 meum

273 801 411 857 regiis
445 800 681 843 affectibus
715 800 855 842 offero
891 801 934 841 et
957 798 1167 853 dispono:
1222 795 1367 852 Super
1388 796 1490 847 hiis,
1524 809 1608 851 que
1632 793 1893 850 scripsistis,
1941 788 1949 793 ’

275 873 466 924 domine,
500 871 633 914 fratri
665 873 816 913 vestro
842 883 924 925 per
951 881 1157 911 cursores
1179 867 1348 909 latores
1370 866 1654 922 presencium
1676 865 1894 907 habentes

274 957 357 1000 pro
390 943 535 994 firmo,
570 942 757 984 fratrem
792 943 995 983 vestrum
1029 953 1139 991 esse,
1174 941 1311 994 prout
1343 950 1482 979 verax
1515 939 1558 978 et
1579 936 1803 978 discretus
1827 935 1896 976 vir

273 1015 495 1069 magister
527 1013 756 1056 Arnaldus
791 1013 843 1054 de
876 1011 1119 1053 Villanova
1151 1010 1302 1060 vobis,
1337 1008 1537 1059 domine,
1573 1007 1896 1049 conscienciam

276 1086 329 1128 de
354 1099 404 1127 eo
427 1085 546 1137 fecit,
572 1084 896 1136 coniacturatfi)
929 1081 1146 1124 maiestas
1179 1083 1345 1131 vestra,
1381 1092 1465 1134 que
1498 1091 1636 1133 opera
1669 1078 1722 1119 de
1746 1091 1796 1119 eo
1818 1090 1892 1132 po-

275 1158 428 1198 terunt
449 1155 678 1211 prosilire,
713 1157 756 1196 et
779 1154 857 1204 sic,
892 1153 969 1209 qui
1002 1151 1283 1195 benedixerit
1315 1150 1396 1200 illi,
1430 1150 1489 1191 sit
1520 1148 1595 1190 ille
1622 1148 1897 1199 benedictus,

278 1229 321 1269 et
345 1227 421 1282 qui
443 1226 745 1278 maledixerit,
778 1223 1174 1267 maledictionibus
1196 1222 1440 1278 repleatur.
1489 1219 1735 1275 Negocium
1757 1218 1900 1273 Enegi

275 1298 464 1340 Martini
495 1296 709 1339 hostiarii
740 1297 893 1338 inclite
927 1295 1105 1337 domine
1138 1294 1311 1349 regine,
1347 1305 1429 1347 pro
1464 1306 1551 1346 quo
1585 1290 1766 1333 domino
1800 1301 1897 1330 meo

276 1369 374 1425 regi
406 1368 555 1411 recolo
592 1381 670 1410 vos
704 1367 875 1423 pluries
909 1365 1211 1420 rescripsisse,
1246 1364 1310 1406 sic
1342 1376 1389 1405 se
1422 1362 1570 1404 habet.
1624 1359 1899 1416 Apparicius

279 1441 331 1482 de
364 1439 606 1481 Villanova
639 1439 685 1480 in
718 1439 811 1480 suis
847 1437 1018 1479 ultimis
1052 1436 1299 1491 sollempne
1333 1434 1533 1476 condidit
1563 1433 1900 1481 testamentum,

277 1511 324 1553 in
357 1524 445 1565 quo
490 1509 690 1551 instituit
734 1509 821 1551 sibi
866 1506 1168 1550 universalem
1212 1506 1421 1547 heredem
1445 1505 1499 1546 'in
1531 1503 1738 1545 omnibus
1771 1501 1900 1543 bonis

278 1581 372 1624 suis
417 1594 606 1623 uxorem
651 1593 803 1631 suam,
852 1592 937 1635 que
969 1577 1126 1620 volens
1159 1577 1301 1633 ipsius
1334 1575 1573 1632 Apparicii
1604 1573 1902 1616 hereditatem

280 1652 404 1694 adire
448 1652 568 1694 bona
612 1652 713 1707 ipsa
757 1650 1033 1692 hereditaria
1081 1648 1401 1704 apprehendit,
1447 1659 1532 1701 que
1566 1646 1730 1687 ducens
1764 1644 1902 1685 alium

279 1724 427 1765 virum
475 1723 519 1764 in
559 1723 710 1765 dotem
743 1722 830 1764 sibi
863 1721 986 1763 dedit
1016 1723 1111 1762 tam
1151 1720 1270 1761 bona
1310 1719 1410 1774 ipsa
1450 1716 1725 1759 hereditaria
1769 1727 1901 1770 quam

281 1793 372 1836 alia
417 1794 534 1836 bona
566 1807 670 1845 sua,
721 1794 838 1848 quod
874 1794 1197 1834 testamentum
1232 1790 1353 1832 dicto
1385 1789 1562 1843 Enego,
1608 1801 1707 1829 cum
1741 1785 1826 1828 fuit
1858 1785 1903 1826 in

282 1864 459 1917 Sicilia,
506 1865 657 1906 extitit
689 1865 1064 1906 demonstratum.
1128 1861 1350 1904 Dominus
1394 1872 1520 1901 meus
1552 1872 1633 1900 rex
1676 1869 1765 1899 una
1803 1869 1903 1898 cum

283 1935 465 1978 domina
496 1935 654 1991 regina
688 1949 740 1977 ac
763 1948 920 1978 eorum
953 1933 1108 1975 liberis
1141 1932 1270 1988 plene
1301 1932 1513 1974 fruuntur
1536 1942 1777 1985 corporum
1809 1940 1905 1969 sos-

283 2006 438 2061 pitate.
487 2006 758 2048 Benedictus
782 2005 992 2047 dominus
1014 2004 1180 2046 Jhesus
1205 2001 1427 2053 Christus,
1461 2001 1539 2056 qui
1561 2013 1641 2043 vos
1665 2001 1708 2041 et
1731 2000 1905 2041 vestros

284 2081 519 2120 conservet
553 2077 799 2119 incolumes
834 2079 877 2118 et
909 2075 1050 2118 faciat
1077 2087 1322 2130 prosperos
1347 2078 1474 2115 actus
1497 2070 1691 2113 vestros!
1742 2068 1903 2123 Script.

285 2138 684 2191 cathanie'XHH.
719 2147 881 2190 Marcii
912 2146 1034 2189 VIII.
1068 2144 1346 2188 indiccionis.

426 2228 516 2264 CRD
546 2227 671 2264 10018.
723 2228 781 2262 Or.
808 2227 891 2271 Pap.
917 2227 993 2271 Ssp.
1044 2226 1183 2260 Vorher
1207 2225 1304 2261 hatte
1328 2223 1507 2259 Friedrich
1532 2233 1589 2257 am
1613 2222 1646 2257 2.
1670 2221 1826 2257 Februar
1848 2231 1907 2266 ge-

285 2286 469 2321 schrieben
494 2286 599 2332 (CRD
628 2286 780 2331 10014):
818 2287 995 2331 Empfang
1030 2286 1145 2320 seines
1182 2284 1320 2319 Briefes
1356 2294 1436 2318 vom
1473 2282 1530 2318 25.
1556 2284 1692 2326 August
1718 2280 1808 2316 1309
1846 2279 1910 2314 mit

286 2346 430 2381 Bericht
446 2345 534 2380 iiber
552 2346 683 2389 Kampf
699 2346 771 2380 und
785 2345 865 2390 Sieg
881 2356 990 2390 gegen
1009 2344 1064 2379 die
1085 2344 1315 2386 Sarracenen3
1341 2342 1493 2385 Frende3
1519 2342 1640 2376 sandte
1660 2339 1908 2375 verschiedene

286 2406 414 2440 Boten:
446 2405 557 2450 primo
589 2404 778 2439 Sanchium
803 2405 845 2438 de
872 2405 967 2439 Yuar
996 2403 1162 2438 dilectum
1193 2402 1355 2444 militem,
1387 2400 1594 2436 familiarem
1622 2402 1797 2441 nostrum,
1830 2408 1910 2433 cum

287 2475 356 2498 una
380 2463 478 2509 galea
503 2464 599 2498 curie
626 2465 760 2506 nostre,
794 2474 874 2498 cum
907 2474 974 2508 qua
999 2463 1177 2508 profectus
1203 2463 1257 2496 est
1279 2462 1322 2496 ad
1346 2462 1462 2505 partes
1487 2460 1579 2504 ipsas
1604 2457 1811 2493 venerabilis
1836 2467 1909 2491 ma-

286 2524 395 2568 gister
421 2522 594 2558 Arnaldus
621 2523 663 2556 de
690 2521 881 2564 Villanova,
913 2522 955 2556 ad
981 2532 1043 2556 vos
1069 2522 1233 2555 duximus
1261 2519 1586 2558 transmittendum3
1624 2529 1715 2552 nunc
1741 2527 1841 2558 vero,
1871 2517 1911 2550 ut

287 2582 483 2617 successive
516 2582 557 2615 de
584 2581 681 2615 vobis
707 2609 716 2617 .
744 2608 751 2615 .
779 2608 786 2615 .
813 2581 847 2614 in
881 2581 1002 2615 castris
1028 2580 1211 2625 agentibus
1236 2580 1430 2623 vestrisque
1461 2577 1679 2612 successibus
1710 2576 1845 2620 plenius
1870 2585 1909 2608 ac

288 2641 423 2686 plenius
448 2641 690 2682 informemur,
717 2639 940 2674 Dominicum
965 2640 1007 2673 de
1033 2638 1229 2681 Villarnau,
1267 2638 1474 2673 familiarem
1513 2639 1547 2670 et
1584 2635 1727 2670 fidelem
1754 2637 1911 2669 nostrum

289 2712 368 2736 cum
399 2699 533 2745 galione
566 2710 634 2734 uno
667 2699 762 2733 curie
794 2700 911 2733 nostre
936 2698 1094 2733 visurum
1119 2708 1180 2733 vos
1207 2725 1214 2732 .
1242 2726 1250 2734 .
1278 2725 1285 2732 .
1311 2698 1439 2731 iterum
1465 2696 1677 2730 destinamus
1704 2722 1711 2728 .
1740 2722 1746 2728 .
1774 2723 1782 2730 .
1832 2693 1910 2728 Dat.

289 2759 455 2796 Cathanie
470 2759 534 2794 sub
551 2769 658 2803 parvo
673 2757 782 2802 sigillo
796 2758 914 2792 nostro
929 2759 1063 2792 secreto
1071 2754 1631 2792 ILFebruariiVIII.indictionis.
1646 2753 1744 2788 Stark
1755 2754 1910 2787 zerstort.

292 2881 389 2921 566.
431 2879 509 2920 Fr.
543 2878 596 2920 P.
629 2876 829 2919 Marsilii
873 2875 1035 2918 sendet
1078 2874 1236 2929 Kiinig
1277 2875 1438 2930 Jayme
1471 2874 1537 2916 Π.
1575 2873 1684 2915 zwei
1729 2870 1911 2915 Briefe:

293 2949 332 2992 1.
379 2950 459 2992 des
498 2947 897 3001 Ordensgenerals
937 2947 1223 3002 Aymericus,
1262 2946 1347 2988 der
1384 2945 1465 2986 ihn
1502 2954 1660 2996 wegen
1698 2942 1782 2984 der
1818 2941 1911 2984 cul-

433 3033 469 3075 a)
494 3030 538 3065 So
565 3030 625 3064 das
652 3029 755 3063 Wort
779 3028 851 3063 und
877 3028 939 3062 der
964 3026 1218 3071 schwerfallige
1244 3026 1333 3061 Satz.
