2296 3512
1076 248 1396 289 —634—

426 377 556 429 citur,
591 376 712 432 quod
737 375 937 430 aliquam
961 388 1145 418 causam
1168 375 1483 418 rationabilem
1510 375 1567 417 ad
1590 375 1819 418 dominum
1842 377 2047 418 nostrum

425 446 730 502 signaretisa),
777 445 987 488 videlicet
1039 447 1158 502 quod
1203 446 1288 488 hoc
1334 446 1506 488 factum
1555 449 1622 487 est
1664 459 1747 501 pro
1780 445 2048 488 necessitate

423 517 555 573 regni
588 519 632 559 et
661 516 860 558 maxime
891 517 1024 572 regni
1055 515 1276 559 Sardinie.
1324 517 1451 559 Unde
1484 530 1584 558 cum
1606 517 1812 572 predicta
1832 516 2048 572 peccunia

424 587 586 630 fuisset
635 588 688 629 de
736 600 875 642 regno
927 590 1081 630 vestro
1131 587 1321 630 collecta
1361 590 1404 629 et
1437 587 1680 643 acquisita,
1727 587 1935 630 voluistis
1968 599 2048 629 vos

423 659 580 700 iuvare
613 658 666 700 de
693 670 745 699 ea
771 658 817 699 in
849 657 1046 700 utilitate
1080 660 1124 700 et
1156 658 1501 701 conservacione
1532 657 1659 713 regni
1683 657 1879 710 ecclesie,
1912 657 1957 699 id
1981 660 2050 700 est

425 727 646 770 Sardinie.
708 728 879 770 Iterum
914 729 1066 782 etiam,
1099 742 1199 771 cum
1233 728 1380 771 dictus
1413 729 1621 770 dominus
1655 741 1681 770 a
1702 742 1842 784 regno
1865 729 2049 770 Frantie

426 803 470 841 et
501 798 666 854 Anglie
700 799 897 842 decimas
931 813 1175 855 regnorum
1209 813 1363 841 eorum
1396 812 1478 840 nec
1510 799 1564 840 ab
1600 798 1700 842 aliis
1732 799 1884 855 regnis
1906 801 2049 853 temp-

424 870 591 912 taverit
636 872 856 922 extraere,
899 871 1061 913 decens
1103 870 1343 912 videbatur
1374 869 1503 911 vobis
1537 872 1580 911 et
1611 868 1895 922 rationabile,
1931 870 2049 924 quod

424 940 549 993 illud,
584 941 704 996 quod
737 940 838 984 aliis
872 940 1056 996 regibus
1090 944 1133 982 et
1162 939 1442 995 principibus
1472 952 1561 981 non
1582 939 1733 991 fiebat,
1756 940 1884 982 fieret
1906 940 2049 992 vobis,

425 1024 526 1053 cum
567 1024 647 1053 vos
692 1011 901 1053 dominus
946 1011 1104 1054 essetis
1138 1010 1267 1066 regni
1301 1010 1462 1062 vestri,
1496 1010 1613 1052 sicut
1645 1010 1900 1066 quicunque
1933 1010 2049 1053 alius

425 1096 506 1124 rex
538 1082 668 1138 regni
700 1081 781 1124 sui.
846 1083 950 1124 Dat.
985 1082 1055 1123 die
1087 1081 1166 1122 HI.
1191 1080 1397 1136 predicta
1428 1081 1597 1123 mensis
1631 1080 1855 1123 Octobris.

567 1163 656 1198 CRD
686 1163 815 1200 12766.
867 1163 923 1199 Or.
957 1163 1039 1207 Pap.
1073 1162 1148 1206 Ssp.
1200 1156 1371 1196 Russeres
1403 1162 1587 1196 Aussehen
1618 1162 1691 1196 und
1722 1162 1826 1196 Form
1859 1163 2051 1206 entspricht

424 1223 491 1256 den
516 1223 659 1257 Bn'efen
685 1222 746 1257 des
772 1222 963 1257 Ferrarius.
1007 1221 1123 1255 Wenn
1150 1221 1240 1255 311011
1267 1221 1329 1255 auf
1354 1221 1433 1255 dem
1455 1221 1596 1254 Riicken
1621 1221 1730 1255 steht:
1758 1232 1801 1254 ex
1826 1223 1924 1265 parte
1949 1221 2052 1255 amici

424 1282 520 1315 curie
546 1281 712 1323 Romane,
751 1292 822 1315 was
854 1286 951 1315 sonst
975 1281 1037 1314 auf
1062 1279 1240 1324 Napoleon
1269 1280 1383 1314 Orsini
1408 1280 1601 1313 hinweisen
1633 1279 1771 1322 konnte,
1809 1290 1847 1314 so
1873 1280 1917 1314 ist
1941 1280 2052 1314 dieses

425 1340 514 1374 doch
550 1340 640 1374 nach
666 1340 745 1374 dem
777 1339 906 1374 letzten
933 1339 1081 1373 Absatae
1119 1339 1216 1373 nicht
1242 1350 1310 1372 von
1343 1339 1458 1372 einem
1491 1337 1657 1373 Kardinal
1686 1338 1924 1383 geschrieben.
1975 1339 2052 1373 Den

426 1399 613 1433 Gedanken
646 1399 706 1433 des
732 1398 988 1433 Schlusssatzes
1023 1398 1156 1442 spricht
1187 1399 1223 1431 in
1255 1398 1452 1432 scharferer
1477 1398 1581 1431 Form
1613 1398 1703 1431 auch
1734 1397 1913 1441 Napoleon
1946 1397 2053 1432 selbst

425 1469 497 1492 aus.
547 1458 624 1503 Vgl.
651 1460 769 1493 unten.
821 1458 869 1491 Zu
908 1458 970 1491 der
1001 1457 1317 1501 Zehntusurpation
1350 1456 1415 1501 vgl.
1449 1457 1637 1491 Abschnitt
1670 1456 1758 1490 iiber
1790 1456 2052 1501 aragonesische

424 1516 711 1560 Kirchenpolitik.

425 1661 524 1701 402.
560 1658 798 1702 Christian
831 1658 1023 1713 Spinula
1064 1672 1122 1700 an
1153 1659 1314 1714 Jaymc
1346 1660 1413 1701 II.
1452 1659 1547 1700 und
1580 1658 1802 1701 Infantcn
1833 1658 2051 1701 Alfonso:

428 1729 603 1773 Gefahr
635 1730 715 1772 des
742 1729 1038 1772 Ausbruches
1069 1741 1158 1772 von
1181 1729 1614 1783 Feindseligkeiten
1646 1729 1872 1771 zwischen
1895 1728 2053 1772 Genua

425 1801 519 1843 und
562 1801 851 1855 Aragonjem
899 1802 1060 1855 Jayme
1108 1800 1199 1843 soll
1247 1801 1365 1842 noch
1411 1800 1704 1853 schleunigst
1748 1801 1851 1842 eine
1894 1800 2053 1842 starke

425 1871 802 1926 Truppenmacht
833 1872 952 1914 113011
974 1869 1222 1914 Sardinien
1244 1871 1463 1914 schaffen.
1510 1871 1735 1913 Erinnert
1757 1883 1815 1912 311
1838 1870 1925 1912 den
1946 1871 2052 1924 Rat,

427 1942 515 1985 den
547 1944 623 1985 ein
656 1943 775 1985 altes
808 1943 941 1985 Weib
974 1944 1023 1984 in
1057 1942 1303 1984 {ihnlicher
1330 1942 1455 1995 Lage
1477 1941 1724 1984 Friedrich
1746 1942 1813 1983 II.
1846 1942 2053 1995 gegeben

748 2014 880 2056 habe.
944 2012 1121 2057 Savona
1153 2013 1333 2067 (13251)
1366 2013 1622 2055 November
1654 2011 1724 2054 1⁶2.

571 2130 578 2137 .
614 2130 622 2137 .
653 2096 805 2138 ‚Pura
839 2095 1037 2149 devocio,
1071 2109 1207 2151 quam
1241 2108 1348 2150 gero
1384 2109 1492 2151 erga
1522 2098 1719 2138 vestram
1752 2095 2051 2145 maiestatem,

427 2166 564 2208 michi
588 2168 666 2209 dat
687 2167 899 2209 fiduciam
921 2166 1042 2208 infra
1064 2166 1237 2222 scripta
1256 2167 1313 2208 ad
1329 2165 1597 2208 memoriam
1614 2169 1763 2208 vestre
1788 2165 2053 2208 excellencie

427 2238 684 2290 redducere,
730 2238 902 2281 scilicet
943 2238 1065 2293 quod
1104 2240 1294 2293 propter
1324 2249 1466 2279 novos
1515 2240 1557 2278 et
1601 2236 1754 2279 varios
1798 2249 2052 2292 processus,

429 2308 506 2364 qui
544 2308 755 2351 videntur
799 2310 852 2351 de
896 2322 1014 2351 novo
1060 2309 1243 2364 emergi,
1291 2308 1429 2350 michi
1468 2307 1660 2359 videtur,
1707 2308 1827 2363 quod
1860 2306 2054 2350 deffacili

427 2378 574 2434 possit
595 2393 761 2434 guerra
783 2379 894 2421 oriri
911 2379 1186 2435 generaliter
1207 2379 1326 2421 inter
1348 2382 1504 2434 gentes
1527 2382 1704 2421 vestras
1723 2381 1766 2420 et
1779 2379 1808 2420 J
1811 2391 2050 2429 anuenses3

429 2452 472 2491 et
514 2450 743 2505 sapienter
786 2450 916 2492 nobis
948 2451 1141 2503 videtur,
1188 2450 1308 2505 quod
1339 2453 1493 2492 vestra
1535 2449 1753 2492 maiestas
1796 2449 1963 2491 habeat
1995 2450 2053 2490 ad

428 2533 614 2575 presens
647 2520 910 2563 disimulare
949 2524 992 2563 et
1025 2521 1146 2576 quod
1177 2521 1343 2563 habeat
1374 2520 1420 2561 in
1452 2519 1601 2563 insula
1635 2518 1842 2562 Sardinie
1873 2520 2052 2562 mittere

429 2604 644 2646 magnum
677 2591 931 2644 essorcium,
967 2592 1086 2647 quod
1117 2591 1278 2633 melius
1312 2593 1355 2632 et
1386 2590 1533 2632 levius
1565 2590 1711 2645 possit
1742 2590 2052 2632 transmittere

430 2661 525 2703 sine
544 2675 709 2716 guerra
724 2662 1038 2714 Januensium,
1063 2675 1199 2718 quam
1227 2675 1328 2703 cum
1350 2674 1517 2717 guerra
1533 2660 1737 2716 ipsorum
1763 2694 1771 2702 .
1797 2694 1805 2702 .
1831 2694 1839 2702 .
1863 2661 2051 2703 Possum

428 2735 578 2774 vestre
612 2733 876 2775 excellencie
917 2733 1145 2789 quoddam
1182 2731 1474 2788 proverbium
1515 2732 1571 2773 ad
1608 2731 1918 2785 memoriama)
1952 2731 2051 2772 red-

431 2802 605 2854 ducere,
632 2804 749 2858 quod
775 2803 888 2845 dixit
911 2804 1105 2859 quedam
1127 2802 1279 2845 vetula
1303 2802 1485 2844 domino
1506 2801 1774 2857 imperatori
1796 2801 2049 2853 Frederico,

431 2873 537 2915 dum
580 2872 667 2914 fuit
709 2887 809 2916 cum
855 2873 1044 2916 ecclesia
1089 2874 1294 2916 Romana
1337 2873 1384 2914 in
1429 2872 1728 2915 dissensione:
1781 2872 2050 2926 Imperator,

430 2943 572 2985 facias
619 2957 718 2985 cum
762 2947 985 3000 tempore,
1034 2943 1248 3000 quoniam
1294 2947 1473 2998 tempus
1506 2955 1588 2985 suo
1627 2942 1725 2984 loco
1774 2943 1814 2983 et
1849 2944 2051 2997 tempore

500 3025 551 3052 401
571 3026 600 3069 a)
625 3026 690 3059 Ein
716 3026 798 3060 oder
816 3025 901 3059 zwei
919 3025 1142 3060 Buchstaben
1159 3025 1291 3059 fehlen.
1332 3024 1383 3059 Ob
1408 3024 1636 3068 asignaretis'?
1674 3022 1727 3050 ‘¹⁰2
1745 3024 1774 3063 a)
1801 3023 1966 3057 memorie
1992 3022 2051 3058 Or.
