2296 3512
898 241 1218 282 —633—

251 372 354 413 dass
393 371 555 426 Jayme
595 370 683 411 den
726 369 935 411 Zehnten
976 368 1112 422 Jenes
1158 369 1338 412 Laudes
1380 369 1461 411 fi'u·
1503 369 1604 411 sich
1649 369 1870 411 behalten

249 441 342 484 und
373 440 505 482 nicht
536 440 639 481 (lem
660 439 832 493 Papste
864 438 944 480 fur
976 438 1056 480 (las
1078 439 1347 482 Vei-derben
1380 440 1463 482 der
1485 438 1704 482 Christen
1735 439 1870 481 iiber-

249 513 402 554 lassen
427 511 559 552 habe.
622 508 825 562 Grunde,
859 509 948 550 mit
980 508 1128 550 denen
1151 520 1203 551 er
1228 510 1330 552 sich
1350 510 1427 552 bei
1448 510 1683 554 ,Iohannes
1707 509 1870 552 XXII.

519 579 876 633 entschuldigen
907 577 1073 621 kenne.
1138 579 1291 633 (1325)
1326 580 1525 623 October
1557 580 1598 622 3.

388 662 558 715 Hodie,
607 675 693 717 que
741 665 810 704 est
852 660 994 703 tercia
1035 661 1129 703 dies
1174 661 1398 716 presentis
1431 661 1599 704 mensis
1645 661 1870 714 Octobris,

249 735 466 776 venerunt
500 734 552 775 de
584 732 699 775 Pisis
728 734 771 774 et
794 733 847 774 de
869 731 1106 774 Florencia
1129 734 1254 773 certa
1279 745 1411 783 nova,
1446 733 1670 787 quomodo
1696 732 1823 774 XXV
1834 733 1870 787 1)

250 805 319 847 die
362 804 530 847 mensis
564 802 844 858 Septembris
886 803 1093 858 proxime
1124 802 1333 857 preteriti
1366 801 1661 845 Casti-uehius
1688 803 1796 845 vicit
1829 805 1872 845 et
1926 830 1935 835 -

250 875 491 918 debellavit
522 874 821 926 Florentinos,
867 877 929 926 et,
974 876 1025 915 ut
1066 873 1246 925 dicitur,
1290 873 1474 915 fuerunt
1504 872 1623 915 inter
1654 877 1871 929 utrasque

247 949 402 1002 partes
450 948 621 1001 septem
669 945 797 986 milia
850 944 1063 1000 equitum.
1139 942 1434 987 Castruchius
1478 944 1638 985 habuit
1678 944 1725 985 in
1769 945 1872 987 sub-

249 1017 412 1060 sidium
456 1030 586 1060 suum
632 1015 775 1057 filium
822 1015 993 1057 domini
1026 1014 1261 1057 Gualeacii
1303 1028 1402 1056 cum
1444 1013 1716 1069 octingentis
1751 1015 1873 1069 equi-

247 1088 381 1131 tibus.
460 1087 634 1130 Habuit
682 1087 818 1129 etiam
866 1087 1019 1128 eadem
1063 1086 1133 1127 die
1167 1088 1393 1128 trecentos
1427 1085 1600 1141 equites
1635 1098 1660 1126 a
1693 1086 1873 1127 domino

247 1158 486 1201 Passerino
551 1159 603 1200 de
662 1159 876 1209 Mantua,
938 1158 1047 1199 item
1102 1170 1128 1198 a
1183 1156 1522 1199 marchionibus
1576 1157 1629 1198 de
1682 1156 1875 1198 Ferrara

249 1231 483 1281 ducentos,
525 1229 685 1271 habuit
719 1229 856 1271 etiam
891 1242 917 1270 a
950 1226 1256 1270 Saonensibus
1291 1227 1468 1282 aliquos
1502 1227 1675 1283 equites
1710 1231 1753 1269 et
1784 1228 1875 1269 tria

246 1300 373 1343 milia
420 1300 700 1343 ballistarios
752 1303 796 1342 et
842 1313 997 1341 omnes
1044 1299 1238 1354 predicti
1284 1299 1599 1354 applicuerant
1630 1299 1677 1340 in
1710 1311 1799 1340 una
1833 1301 1875 1340 et

249 1372 404 1413 eadem
437 1374 568 1413 nocte
601 1384 702 1413 cum
734 1371 938 1426 predicto
973 1368 1254 1412 Castruchio.
1317 1371 1375 1412 Et
1405 1383 1539 1411 mane
1570 1369 1661 1425 ipsi
1693 1369 1876 1411 fuerunt

249 1455 401 1484 coram
425 1442 557 1485 dictis
580 1441 868 1493 Florentinis,
901 1441 978 1497 qui
1001 1441 1278 1496 prescientes
1302 1442 1544 1483 adventum
1567 1440 1874 1495 predictorum

247 1513 606 1565 retrocedebant,
641 1515 709 1555 set
742 1513 888 1555 dictus
923 1510 1220 1554 Castruchius
1250 1511 1405 1566 posuit
1438 1524 1485 1553 se
1516 1511 1636 1553 inter
1674 1511 1798 1567 ipsos
1833 1514 1876 1553 et

247 1597 447 1639 passum,
491 1597 572 1639 per
606 1597 737 1639 quem
770 1583 911 1625 libere
944 1584 1153 1625 recedere
1184 1583 1494 1634 intendebant,
1538 1585 1582 1624 et
1612 1582 1675 1624 ibi
1707 1583 1876 1625 mortui

248 1655 432 1697 fuerunt
468 1654 601 1696 multi
634 1654 837 1697 valentes
869 1654 958 1696 viri
991 1654 1043 1696 de
1075 1653 1307 1696 Florentia
1340 1656 1384 1696 et
1414 1653 1548 1696 multi
1580 1654 1716 1710 capti,
1757 1654 1876 1695 inter

249 1739 362 1781 quos
407 1725 530 1781 capti
574 1730 680 1768 sunt
726 1726 935 1768 dominus
980 1725 1275 1781 Raymundus
1321 1726 1374 1766 de
1420 1723 1630 1767 Cardona
1675 1730 1718 1767 et
1755 1724 1875 1767 filius

250 1809 370 1849 suus,
421 1797 497 1851 qui
543 1797 740 1852 primam
789 1797 959 1839 scalam
1007 1797 1222 1838 tenebant
1271 1798 1315 1837 et
1360 1798 1505 1838 totam
1554 1796 1875 1849 resistentiam,

251 1881 387 1923 quam
432 1868 578 1910 dictus
611 1866 908 1911 Castruchius
946 1867 1129 1919 habuit,
1175 1880 1202 1908 a
1239 1866 1359 1909 dicto
1394 1866 1575 1909 domino
1608 1867 1875 1922 Raymundo

253 1941 295 1980 et
348 1938 441 1980 suis
488 1938 670 1993 recepit.
748 1938 823 1980 Illi
871 1941 1045 1990 autem,
1100 1938 1177 1994 qui
1224 1938 1372 1993 primo
1419 1937 1652 1992 fugerunt,
1694 1936 1877 1979 fuerunt

252 2008 426 2051 Gallici.
505 2007 729 2061 Creditur,
778 2010 899 2065 quod
944 2009 1114 2051 infiniti
1159 2009 1249 2051 sint
1298 2008 1419 2064 capti
1468 2012 1511 2050 et
1546 2008 1728 2051 mortui.
1802 2009 1876 2050 Set

253 2079 362 2135 quia
393 2080 483 2122 ista
505 2083 610 2123 sunt
630 2080 781 2135 prima
801 2093 934 2133 nova,
970 2093 1054 2135 que
1077 2082 1310 2132 venerunt,
1333 2093 1547 2121 numerus
1569 2079 1877 2134 predictorum

252 2151 417 2202 adhuc,
472 2150 548 2205 qui
597 2151 717 2207 capti
766 2154 809 2193 et
860 2151 1030 2193 mortui
1078 2151 1308 2203 dicuntur,
1354 2150 1607 2206 ignoratur.
1682 2150 1876 2204 Magnus

250 2220 460 2276 planctus
500 2223 542 2263 et
574 2222 703 2264 dolor
736 2224 805 2265 est
837 2223 890 2264 de
923 2222 1043 2264 dicto
1077 2222 1288 2264 conflictu
1318 2221 1365 2263 in
1399 2221 1524 2264 curia
1557 2222 1677 2277 apud
1708 2220 1876 2263 multos

252 2291 444 2334 curiales
477 2294 521 2332 et
552 2293 763 2347 precipue
797 2294 917 2348 apud
938 2292 1250 2348 principalem.
1304 2292 1485 2334 Dicitur
1506 2292 1578 2334 hic
1612 2291 1876 2344 comuniter,

253 2363 373 2418 quod
415 2362 508 2403 iam
550 2365 655 2405 sunt
699 2366 877 2406 centum
924 2364 1052 2417 anni,
1099 2376 1186 2419 quo
1232 2376 1322 2405 non
1366 2363 1505 2405 fuerit
1549 2363 1784 2405 conflictus
1829 2361 1875 2403 in

250 2433 460 2488 partibus
505 2433 684 2486 Ytalie,
732 2434 810 2476 ubi
852 2437 922 2477 tot
967 2435 1173 2477 homines
1219 2434 1468 2490 preliantes
1515 2434 1703 2486 fuerint,
1761 2433 1878 2475 sicut

250 2503 297 2545 in
328 2503 433 2547 isto.

392 2574 581 2617 Noviter
623 2578 863 2628 narratur,
907 2577 1027 2631 quod
1059 2575 1400 2631 magnificentia
1431 2578 1585 2618 vestra
1615 2575 1787 2630 recepit
1821 2575 1877 2616 ad

252 2658 413 2688 manus
455 2658 562 2688 suas
607 2648 752 2687 totam
785 2646 1005 2688 decimam
1037 2647 1168 2702 regni
1198 2647 1442 2702 Aragonie.
1509 2646 1577 2688 De
1608 2646 1693 2688 hoc
1724 2646 1876 2701 plures

253 2716 506 2759 cardinales
553 2715 684 2758 valde
732 2718 950 2771 gaudent,
1006 2717 1266 2773 specialiter
1314 2717 1466 2770 amici,
1514 2717 1727 2774 precipue
1776 2730 1876 2758 cum

253 2787 461 2829 dominus
501 2790 657 2829 noster
688 2786 931 2830 voluissset
962 2801 1061 2829 eam
1105 2788 1272 2830 habere
1305 2788 1400 2831 sine
1434 2788 1622 2831 consilio
1671 2790 1713 2829 et
1761 2787 1876 2829 scitu

254 2871 408 2901 eorum
442 2860 485 2899 et
516 2870 682 2913 ponere
716 2858 772 2899 ad
805 2858 1157 2900 destructionem
1197 2861 1240 2900 et
1271 2862 1464 2901 mortem
1498 2857 1874 2901 Christianorum.

252 2929 494 2971 Videretur
524 2927 675 2980 michi,
709 2927 836 2970 salvo
868 2928 1045 2970 meliori
1068 2929 1269 2982 consilio,
1304 2931 1437 2985 quod,
1465 2929 1503 2972 si
1524 2930 1591 2971 ita
1614 2931 1694 2981 est,
1729 2932 1778 2970 ut
1811 2928 1875 2970 di-

396 3022 421 3066 1)
446 3022 584 3056 Anders
609 3020 665 3056 23.
693 3021 907 3065 September.
