2296 3512
1046 275 1363 315 —906—

400 408 549 446 vestro
594 404 829 459 sepultura
871 402 1143 445 venerabilis
1189 406 1496 444 construatur:
1551 403 1818 445 mandamus
1862 402 2010 454 vobis,

400 478 621 529 quatenus
653 474 762 517 visis
795 474 1079 529 presentibus
1114 474 1169 515 ad
1201 473 1428 528 prefatum
1449 473 1775 515 monasterium
1798 486 2011 527 persona-

398 545 503 587 liter
534 545 727 587 veniatis
761 548 804 586 et
836 558 937 586 cum
961 544 1125 586 abbate
1158 547 1202 585 et
1224 547 1445 585 conventu
1470 543 1667 585 eiusdem
1690 544 2012 585 deliberatione

399 615 554 657 habita
595 615 855 658 condecenti
898 616 953 657 ad
1000 615 1346 657 construendam
1389 615 1575 656 eandem
1617 614 1896 669 sepulturam
1937 614 2012 655 ad-

398 686 542 729 hibita
583 686 834 741 diligencia,
875 699 1010 741 quam
1044 685 1266 740 poteritis,
1300 685 1427 727 iuxta
1458 684 1687 739 ingenium
1720 688 1867 727 vestre
1901 684 2012 726 artis

400 771 499 799 cum
542 757 632 799 illis
673 756 915 812 lapidibus,
958 770 1070 811 quos
1113 769 1195 798 nos
1238 756 1293 797 ad
1332 756 1416 797 hoc
1447 756 1653 797 misimus
1686 756 1738 797 de
1772 753 1925 797 Sicilia
1958 755 2013 796 ad

400 829 570 870 dictum
612 827 939 870 monasterium
983 829 1026 869 et
1067 827 1167 869 aliis
1202 827 1351 877 etiam,
1393 839 1508 880 quos
1541 839 1622 868 vos
1662 827 1718 868 ad
1750 826 1868 868 idem
1901 839 2013 881 opus

399 899 611 954 expedire
653 898 868 950 videritis,
913 899 1091 953 quando
1135 897 1475 940 conveniencius
1516 896 1614 938 fieri
1646 896 1826 951 poterit,
1859 909 2014 951 proce-

399 970 532 1012 datis.

542 1042 579 1082 3.
615 1040 842 1095 Significo,
889 1039 1080 1092 domine,
1126 1042 1273 1081 vestre
1318 1039 1439 1090 regie
1482 1038 1713 1080 maiestati
1744 1038 2012 1093 magistrum

400 1112 629 1153 Andream
664 1112 716 1153 de
748 1111 879 1153 Turri
910 1111 1145 1166 pictorem,
1186 1111 1325 1152 civem
1359 1109 1647 1161 Ilerdensem,
1681 1109 1726 1150 in
1759 1122 1892 1164 opere
1924 1108 2015 1163 pic-

400 1185 513 1232 ture,
558 1183 676 1237 quod
708 1196 789 1237 per
831 1195 930 1223 euin
963 1181 1061 1223 fieri
1098 1181 1352 1223 mandastis
1385 1193 1522 1235 super
1559 1179 1766 1234 sepulcro
1801 1178 2017 1220 excellen-

400 1254 575 1296 tissime
598 1253 925 1295 recordationis
948 1252 1118 1295 domini
1146 1252 1280 1307 regis,
1313 1251 1451 1293 vestri
1480 1250 1755 1293 serenissimi
1785 1249 2016 1305 genitoris,

403 1326 581 1381 egregie
622 1324 855 1379 incepisse,
901 1325 966 1365 ita
1009 1324 1127 1378 quod
1168 1324 1387 1378 quasdam
1432 1336 1484 1363 ex
1526 1322 1615 1363 illis
1664 1321 1885 1372 crucibus,
1933 1334 2017 1376 que

402 1399 506 1438 sunt
538 1394 681 1450 ipsius
714 1394 876 1436 tumuli
910 1394 1126 1436 testudini
1159 1397 1469 1448 superstantes
1493 1395 1587 1434 tam
1621 1406 1730 1434 auro
1764 1392 1919 1434 subtili
1952 1391 2018 1432 in-

400 1466 532 1521 genio
566 1479 701 1520 super
734 1465 884 1520 posito
918 1478 1053 1519 quam
1088 1464 1188 1506 aliis
1223 1463 1413 1505 diversis
1452 1463 1679 1506 coloribus
1715 1463 1771 1504 ad
1802 1463 1887 1504 hoc
1918 1475 2019 1517 per-

401 1536 648 1578 tinentibus
702 1536 885 1577 insertis
936 1535 1236 1577 artificialiter
1291 1538 1332 1576 et
1379 1534 1573 1589 inpressis
1622 1533 1863 1589 aparencia
1907 1532 2018 1575 satis

403 1607 623 1649 laudabili
656 1607 887 1648 decoravit
914 1610 956 1647 et
990 1606 1181 1657 videtur,
1207 1606 1338 1660 quod,
1372 1605 1411 1647 si
1438 1605 1572 1646 modo
1596 1604 1733 1647 simili
1758 1604 2019 1646 continuare

402 1678 617 1734 perficere
666 1677 833 1733 poterit
880 1677 1028 1732 ipsum
1078 1690 1205 1732 opus,
1256 1677 1498 1718 dummodo
1545 1675 1749 1717 durabile
1788 1675 1859 1726 sit,
1898 1674 2021 1728 quod

404 1749 501 1804 ipse
532 1748 754 1804 magister
778 1748 941 1791 asserit
973 1750 1189 1803 perpetuo
1221 1748 1501 1795 duraturum,
1527 1746 1657 1801 quasi
1679 1745 1852 1787 nullum
1875 1758 2020 1800 oppus

402 1820 530 1875 prius
564 1820 662 1872 erit,
697 1820 940 1861 secundum
969 1819 1087 1874 quod
1120 1822 1279 1873 postea
1311 1817 1530 1873 aparebit,
1555 1820 1598 1858 et
1625 1816 1806 1858 cuilibet
1829 1815 2021 1857 intuenti

403 1890 641 1932 manifeste
690 1890 937 1942 videbitur,
988 1893 1205 1944 quantum
1254 1888 1469 1944 perpendi
1513 1891 1681 1944 potest,
1739 1886 2021 1929 nobilissima

404 1961 691 2017 sepultura&

546 2036 583 2074 4.
621 2067 628 2073 .
675 2067 682 2073 .
728 2067 735 2073 .
780 2031 1084 2075 Construatur
1137 2032 1363 2086 qumldam
1420 2031 1676 2085 sepulcrum
1737 2043 1814 2071 seu
1866 2029 2022 2070 tumba

405 2102 565 2146 similis
610 2103 689 2155 illi,
735 2104 780 2144 111
828 2116 914 2157 quo
950 2102 1176 2157 sepultum
1213 2107 1280 2144 est
1313 2115 1475 2156 corpus
1514 2100 1812 2143 illustrissimi
1853 2099 2023 2142 domini

407 2174 526 2229 regis
559 2174 683 2215 Petri
713 2175 833 2215 clare
865 2174 1081 2215 memorie
1114 2173 1259 2228 patris
1292 2172 1449 2223 nostri,
1494 2175 1536 2213 et
1574 2171 1868 2227 providimus,
1904 2170 2023 2225 quod

406 2258 485 2286 vos
519 2258 607 2286 una
648 2258 745 2286 cum
783 2246 829 2286 P.
866 2246 918 2286 de
950 2244 1247 2285 Pennafracta
1283 2247 1461 2285 tenente
1500 2246 1699 2285 castrum
1732 2244 1884 2284 nostre
1918 2241 2023 2282 civi-

406 2316 515 2357 tatis
557 2315 702 2357 Ilerde
743 2315 963 2357 intersitis
1006 2314 1307 2370 personaliter
1350 2314 1395 2355 in
1437 2313 1714 2356 monasterio
1762 2311 2022 2368 supradicto

408 2385 552 2442 [XVP]
572 2386 641 2427 die
659 2386 883 2441 presentis
898 2385 1065 2427 mensis
1081 2384 1373 2440 Septembris,
1397 2388 1446 2426 ut
1463 2385 1595 2426 ambo
1612 2383 1796 2426 insimul
1820 2378 2022 2437 inspecto

408 2456 526 2498 dicto
569 2456 776 2511 sepulcro
820 2456 1050 2511 recipiatis
1103 2469 1338 2497 mensuras
1390 2458 1432 2496 et
1479 2455 1651 2497 formas
1697 2454 1895 2496 eiusdem
1929 2487 1936 2494 .
1974 2487 1980 2494 .
2016 2486 2022 2493 .

407 2528 510 2569 Dat.
545 2527 755 2570 Gerunde
788 2526 993 2568 kalendis
1027 2525 1307 2581 Septembris
1341 2539 1458 2567 anno
1493 2525 1663 2567 domini
1694 2522 1954 2567 MCOCXH.

557 2644 582 2687 ¹)
607 2644 717 2678 Bit-tet
742 2655 800 2677 um
820 2642 916 2685 Geld,
935 2643 1013 2676 weil
1031 2644 1092 2676 das
1111 2642 1250 2677 Kloster
1268 2654 1388 2687 wegen
1406 2643 1467 2676 der
1486 2641 1800 2677 Unfruchtbarkeit
1817 2641 1879 2674 der
1896 2640 2025 2674 letzten

406 2704 511 2738 Jahre
545 2704 613 2736 den
644 2702 834 2737 Kiinstlern
867 2703 935 2735 und
969 2702 1231 2735 Handwerkern
1262 2702 1359 2735 nicht
1385 2700 1510 2735 einmal
1543 2701 1598 2734 die
1624 2699 1934 2744 Nahrungsmittel,
1961 2698 2024 2731 wie

408 2763 469 2796 der
506 2762 619 2806 Konig
655 2761 830 2804 befohlen,
869 2760 994 2794 liefern
1032 2761 1132 2794 kann.
1189 2761 1296 2795 Stiick
1333 2761 1424 2794 ohne
1462 2759 1600 2794 Datum.
1653 2760 1691 2793 In
1730 2759 1843 2792 einem
1881 2757 2025 2792 zweiten

408 2821 597 2856 Schreiben
623 2832 691 2854 von
718 2820 807 2855 1307
834 2820 903 2854 Mai
929 2820 962 2854 3.
990 2819 1183 2863 Rechnung
1215 2820 1274 2853 des
1300 2819 1387 2853 Abts
1412 2819 1474 2852 fiir
1504 2819 1570 2852 deu
1596 2818 1709 2862 Konig
1734 2817 1865 2851 ratione
1891 2816 2024 2859 picture

408 2879 542 2916 tumuli.
592 2880 681 2923 Mag.
715 2880 871 2913 Andreas
909 2879 951 2912 de
976 2878 1075 2912 Turri
1102 2880 1171 2912 und
1203 2878 1402 2912 Bernardus
1427 2878 1469 2911 de
1497 2876 1593 2911 Valle
1619 2876 1776 2910 erhalten
1807 2875 1876 2910 400
1907 2874 2023 2908 Solidi.

412 2939 712 2973 Wahrscheinlich
743 2939 802 2972 hat
833 2939 921 2982 Mag.
955 2937 1111 2971 Andreas
1143 2938 1184 2970 de
1210 2937 1309 2971 Turri
1337 2936 1426 2971 1305
1453 2937 1592 2980 Anfang
1615 2935 1811 2969 Dezember
1836 2934 2024 2977 begonnen.

407 2996 547 3031 Damals
572 2998 659 3031 wird
685 3008 723 3031 er
748 3008 827 3031 vom
853 2997 966 3041 Konig
996 2996 1085 3030 nach
1110 2996 1143 3031 S.
1170 2995 1279 3031 Oreus
1303 2995 1456 3040 gesandt,
1488 2995 1550 3028 der
1574 2994 1687 3028 lassen
1713 2993 1782 3027 will
1806 2992 1898 3036 pingi
1924 3002 2025 3036 quas-

409 3057 486 3090 dam
514 3056 714 3100 columpnas
739 3067 802 3090 seu
827 3054 1002 3099 capitellas
1028 3054 1151 3088 tumuli
1177 3054 1267 3098 regis
1292 3054 1398 3088 Petri.
1449 3054 1532 3098 Reg.
1560 3053 1627 3088 236
1652 3053 1676 3086 f.
1703 3051 1759 3087 82.
