2296 3512
1088 255 1406 295 -554—

436 382 579 424 filium
619 386 848 424 mortuum
892 381 1125 433 suscitare,
1167 384 1478 423 verumtamen
1510 393 1594 435 pro
1626 380 1749 424 illius
1782 381 2054 424 assumenda

437 453 637 495 vindicta
684 465 782 495 sese
830 455 873 494 et
920 452 1090 504 omnia,
1141 465 1225 507 que
1273 452 1455 503 habent,
1502 451 1753 493 liberaliter
1793 451 2053 495 offerebant.

439 522 507 565 ΟΦ
539 524 636 565 flor.
671 522 815 578 gratis
849 526 1166 564 concesserunt
1191 522 1347 575 eidem,
1382 523 1435 564 de
1467 521 1687 564 militibus
1721 523 1981 565 obtulerunt
2015 522 2054 563 ei

436 607 673 636 numerum
723 593 1011 648 requisitum,
1054 594 1410 648 quandocunque
1448 592 1627 646 velletb)
1673 606 1849 634 sumere
1888 593 1960 647 (Ρ)
2001 594 2056 635 (10

440 664 649 720 gentibus
665 664 699 705 F
701 664 896 705 lorencie
922 664 990 705 vel
1005 664 1176 715 Tuscie,
1199 677 1288 705 non
1313 663 1431 718 quod
1454 663 1598 718 possit
1617 663 1730 706 alios
1753 664 1810 705 ad
1832 663 2056 719 stipendia

439 748 699 776 convocare.
764 734 1019 776 Novissime
1052 737 1203 777 vestra
1253 734 1440 775 claritas
1487 734 1653 775 habeat
1700 747 1783 789 pro
1816 734 2055 785 constanti,

438 806 556 860 quod
590 818 642 846 ex
674 808 866 860 utraque
895 809 1025 860 parte
1056 806 1113 847 ad
1134 809 1313 860 tempus
1342 817 1459 847 nova
1489 804 1690 846 maxima
1719 808 2057 860 pertractantur

437 880 480 917 et
521 875 623 917 hinc
662 876 765 917 inde
802 875 915 917 fiunt
957 875 1306 927 coniurationes,
1356 875 1712 917 comminationes
1752 878 1794 916 et
1832 878 2056 918 tractatus

437 946 741 1000 multiplices:
774 946 908 987 finem
941 947 1067 988 novit
1100 947 1233 988 Deus.

578 1017 644 1059 De
682 1030 838 1059 sorore
872 1016 1149 1059 serenissimi
1182 1016 1303 1071 regis
1338 1014 1463 1071 Cipri
1494 1020 1647 1058 vestra
1681 1016 1951 1058 excellencia
1981 1015 2057 1057 fir-

435 1087 570 1129 miter
602 1091 911 1143 recognoscat‚
949 1088 1068 1142 quod
1102 1087 1171 1128 die
1197 1086 1361 1128 XXVI.
1386 1087 1584 1141 Augusti
1616 1087 1662 1128 in
1690 1085 1890 1128 Siciliam
1914 1086 2058 1142 appli-

437 1158 529 1200 cuit
563 1159 681 1214 apud
711 1158 982 1200 Messanam.
1048 1158 1129 1199 Die
1162 1157 1395 1199 XXVIIII.
1425 1157 1623 1212 Augusti
1656 1157 2058 1200 excellentissimus

436 1242 678 1284 germanus
706 1232 855 1271 vester
880 1228 1086 1270 dominus
1121 1242 1200 1269 rex
1222 1228 1256 1269 F
1259 1228 1487 1269 redericus
1511 1227 1637 1269 illam
1664 1227 1868 1270 visitavit
1889 1229 2058 1270 honore

437 1300 588 1341 debito
634 1303 677 1341 et
716 1313 766 1341 ea
814 1299 1075 1354 complevit.
1123 1312 1207 1353 que
1248 1312 1329 1341 sua
1369 1298 1589 1340 serenitas
1629 1299 1903 1353 postulabat.
1977 1298 2058 1340 Die

436 1370 555 1412 VIII.
580 1369 859 1424 Septembris
893 1370 1013 1412 dicta
1047 1369 1229 1411 domina
1262 1383 1490 1411 recessum
1523 1372 1749 1412 statuerat
1782 1375 1824 1411 et
1848 1370 1904 1411 ad
1927 1382 2059 1411 suum

436 1453 694 1496 regressum
726 1441 906 1495 penitus
940 1440 1218 1482 intendebat.

578 1511 771 1553 Nomina
818 1515 1103 1553 mortuorum
1148 1510 1368 1552 nobilium
1416 1510 1461 1552 in
1503 1510 1646 1565 prelio
1699 1510 1959 1564 supradicto
2017 1512 2061 1551 et

437 1582 620 1624 nomina
672 1582 863 1623 aliorum
909 1582 1027 1624 Pisis
1064 1582 1110 1623 in
1145 1595 1322 1623 carcere
1356 1583 1640 1624 detentorum
1674 1582 1743 1623 hic
1780 1582 1826 1623 in
1864 1582 2060 1636 quadam

437 1652 611 1694 inclusa
645 1652 800 1694 cedula
834 1653 1131 1694 continentur.
1196 1653 1479 1695 Recomendo
1526 1666 1596 1694 1110
1641 1656 1787 1694 totum
1835 1653 1891 1694 ad
1923 1652 2060 1707 pedes

437 1726 585 1766 vestre
614 1723 735 1778 regie
758 1723 1032 1766 maiestatis:
1067 1723 1343 1778 supplicans,
1369 1726 1587 1777 quantum
1608 1736 1807 1777 possum,
1840 1726 2059 1777 quatenus

436 1794 572 1836 michi
629 1795 857 1836 racionem
908 1793 1057 1836 facere
1111 1794 1322 1850 dignetur
1370 1798 1412 1836 et
1464 1794 1691 1836 iusticiam
1745 1794 1954 1835 exhibere
2007 1794 2061 1835 de

439 1865 619 1907 domino
669 1864 906 1907 Giraberto
953 1866 1006 1907 de
1039 1863 1250 1920 Centiges
1298 1868 1450 1907 vestro
1503 1865 1684 1907 subdito
1732 1878 1815 1919 pro
1854 1862 2060 1906 MCXLV

438 1935 537 1977 libr.
562 1935 678 1987 ζ10111,
711 1937 763 1977 de
788 1936 951 1991 quibus
973 1950 1054 1978 rex
1076 1936 1303 1978 Robertus
1327 1935 1451 1977 nullo
1474 1936 1608 1978 modo
1631 1935 1767 1977 michi
1788 1935 2060 1988 iusticiame)

436 2007 709 2060 respondere
733 2007 955 2062 dignetur.
1003 2007 1061 2048 Et
1083 2007 1122 2048 si
1136 2007 1299 2062 placet,
1323 2006 1559 2062 proprium
1577 2006 1791 2048 nuncium
1809 2005 2059 2048 destinabo.

438 2077 541 2118 Dat.
575 2078 720 2119 Janue
756 2078 825 2119 die
859 2078 955 2119 VH.
981 2077 1201 2119 Octobris.

578 2148 772 2190 Nomina
803 2148 1023 2191 nobilium
1057 2151 1294 2203 captorum
1326 2148 1372 2190 in
1404 2148 1546 2203 prelio
1571 2151 1614 2189 et
1636 2147 1682 2189 in
1706 2160 1885 2190 carcere
1909 2148 2060 2189 deten-

439 2221 588 2260 torum
621 2219 735 2261 Pisis
769 2222 874 2262 sunt
906 2219 1006 2260 hec:

439 2301 659 2343 Dominus
692 2301 956 2344 Manfredus
990 2303 1042 2343 de
1076 2302 1228 2343 Monte
1271 2300 1495 2356 imperiali
1534 2301 1587 2342 de
1622 2299 1925 2356 Scorcialupis
1959 2313 2061 2342 con-

721 2373 823 2414 dam
858 2372 1029 2414 domini
1059 2371 1333 2414 Bernardini

440 2454 557 2496 dom.
627 2455 869 2497 Bertoldus
940 2456 993 2496 de
1057 2458 1215 2497 sancto
1290 2454 1570 2496 Branchaleo
1602 2454 1778 2496 Auansi

501 2525 682 2566 Miniate
1291 2524 1461 2567 Griffus
1495 2523 1628 2566 Griffi

439 2595 556 2637 dom.
581 2595 844 2650 Raynaldus
872 2597 925 2638 de
951 2595 1216 2638 Gerardinis
1292 2595 1461 2637 Bindus
1496 2596 1548 2637 de
1580 2595 1829 2638 Aldimaris

439 2665 616 2707 Stricha
650 2666 702 2707 de
737 2664 993 2721 Sagnibene
1290 2666 1553 2709 Latinucius
1586 2667 1639 2708 de
1670 2665 1824 2708 Bessis

441 2734 709 2778 Cardelinus
743 2737 796 2777 de
830 2737 1069 2792 Tornagiis
1290 2737 1500 2779 Peraltus
1539 2738 1592 2778 de
1632 2736 1785 2778 Mettis
1818 2735 2061 2778 Perusinus

441 2807 559 2849 dom.
594 2807 730 2849 Pinus
765 2808 818 2848 de
850 2807 896 2849 la
927 2808 1045 2850 Tosa
1292 2809 1409 2850 dom.
1449 2808 1676 2849 Robertus
1718 2807 1771 2848 de
1802 2806 1966 2848 Alneto
2009 2807 2062 2848 de

441 2877 585 2920 Dinus
619 2878 672 2919 de
705 2877 868 2920 Bardis
1349 2877 1541 2920 Francia
1587 2875 1891 2919 comestabilis
1939 2876 2062 2932 equi-

441 2948 708 2990 Valentinus
742 2949 795 2989 de
830 2947 1035 2990 Sorianis
1348 2951 1446 2990 tum

582 3030 611 3073 b)
638 3029 731 3063 velet
756 3029 813 3064 Or.
879 3032 907 3071 c)
933 3029 1069 3063 iusticia
1094 3029 1151 3064 Or.
