2296 3512
835 242 1158 282 —895—

327 369 409 413 Reg.
437 367 505 403 336
535 369 561 405 f.
591 368 645 404 19.
694 369 719 403 f.
745 368 791 402 20
823 368 893 402 fast
923 367 1083 401 wortlich
1114 368 1450 403 iibereinstimmend
1482 379 1537 403 am
1569 368 1688 403 selben
1719 369 1808 412 Tage

186 437 229 461 an
255 426 557 461 Kardinalbischof
581 426 759 471 Berengar
795 437 863 460 von
889 426 1093 470 Tusculum3
1132 426 1259 461 ebenso
1292 427 1318 463 f.
1343 427 1386 461 21
1426 430 1531 462 unter
1554 427 1710 462 Hinweis
1747 427 1809 461 auf

186 487 253 520 den
290 486 390 520 Brief
433 486 495 520 des
537 485 751 519 Provinzials
788 485 941 519 Romeus
979 485 1186 526 (Menendez
1224 486 1252 528 I,
1298 487 1379 531 773)
1423 497 1466 520 an
1503 486 1808 521 Kardinalbischof

186 545 364 579 Johannes
389 554 458 578 von
482 544 599 578 Porto.

189 677 284 716 571.
332 675 493 730 Jayme
527 675 593 716 ΙΙ.
631 687 690 716 an
738 672 896 727 Kiinig
944 673 1213 716 Friedrich:
1262 674 1425 716 sendet
1471 676 1630 718 seinen
1673 674 1815 718 Brief

186 745 296 787 zwci
329 745 560 802 quaterne
592 745 681 786 mit
712 744 799 786 den
832 745 1196 798 Propositionen
1220 745 1421 787 Arnalds
1453 757 1540 788 von
1564 746 1810 789 villanova

186 815 279 857 und
312 815 447 857 einen
479 815 773 869 papstlichen
795 814 952 866 Brief3
984 826 1116 857 wenn
1137 814 1313 857 Arnald
1347 827 1471 870 sage‚
1504 816 1608 859 dass
1637 828 1689 859 er
1710 818 1809 859 ihm

187 897 268 928 aus
312 887 463 928 einem
505 886 707 928 anderen
740 884 930 928 Grunde
970 898 1103 939 gram
1142 886 1225 939 sci,
1270 897 1321 928 so
1365 887 1433 928 sei
1477 887 1558 929 das
1601 888 1808 930 unwahr.

639 957 897 998 Barcelona
930 956 1043 998 1310
1075 956 1276 999 October
1306 956 1349 999 4.

327 1049 502 1093 Illustri
563 1049 660 1105 regi
712 1050 950 1092 Frederico
1020 1051 1160 1093 tercio
1226 1051 1470 1093 karissimo
1540 1051 1674 1093 fratri
1727 1065 1808 1094 suo

185 1120 383 1162 Jacobus
417 1124 498 1163 etc.
561 1121 688 1173 Ecce,
721 1120 864 1163 frater
896 1121 1149 1174 karissime,
1179 1123 1299 1177 quod
1331 1122 1555 1166 mittimus
1579 1122 1707 1165 vobis
1729 1136 1810 1177 per

188 1192 434 1234 Martinum
476 1192 530 1233 de
567 1191 712 1233 Ruffis
755 1193 808 1234 de
848 1194 980 1234 domo
1022 1196 1182 1236 nostra
1220 1193 1503 1249 presencium
1541 1194 1811 1249 portitorem

186 1262 387 1304 litteram
430 1276 566 1304 unam
615 1266 820 1305 nostram
874 1277 1011 1318 super
1068 1263 1188 1306 facto
1237 1277 1413 1316 eorum,
1463 1277 1548 1319 que
1591 1264 1811 1319 magister

187 1333 416 1376 Arnaldus
463 1333 516 1375 de
548 1333 789 1376 Villanova
833 1347 986 1376 coram
1027 1335 1208 1377 domino
1249 1348 1371 1390 papa
1410 1338 1453 1377 et
1486 1335 1680 1377 dominis
1713 1348 1810 1377 car-

188 1403 414 1446 dinalibus
446 1404 492 1445 in
530 1404 710 1459 privato
745 1404 1015 1447 consistorio
1053 1406 1333 1447 mendaciter
1366 1408 1409 1447 et
1441 1406 1559 1448 male
1593 1407 1811 1448 adversus

187 1488 269 1517 nos
302 1477 345 1516 et
375 1488 456 1517 vos
488 1474 672 1530 loqutus
706 1477 774 1517 est
806 1478 850 1516 et
872 1476 959 1517 duo
981 1480 1204 1531 quaterna
1226 1476 1499 1519 translatum
1528 1477 1812 1519 continencia

188 1546 379 1587 duarum
412 1546 780 1600 proposiciouum
804 1546 1030 1589 factarum
1054 1561 1135 1602 per
1158 1547 1328 1590 dictum
1351 1547 1623 1603 magistrum
1646 1548 1810 1590 Arnal-

190 1617 311 1669 dum,
358 1616 545 1659 alterius
586 1616 632 1658 in
665 1617 785 1659 dicto
818 1617 999 1673 privato
1043 1618 1316 1661 consistorio
1360 1622 1404 1660 et
1437 1619 1624 1662 alterius
1658 1631 1811 1661 coram

186 1687 317 1730 nobis
364 1690 406 1728 et
452 1687 797 1743 quampluribus
843 1688 945 1731 aliis
995 1689 1041 1730 in
1090 1689 1325 1732 obsidione
1368 1689 1567 1732 civitatis
1608 1690 1811 1732 Almarie

186 1761 295 1800 tunc
340 1758 694 1813 manentibus31)
742 1759 851 1800 item
897 1762 941 1801 et
992 1760 1270 1802 translatum
1319 1761 1552 1803 cuiusdam
1600 1761 1811 1816 rescripti

186 1829 366 1884 papalis
399 1828 558 1870 directi
590 1829 733 1871 nobis.
798 1828 895 1881 Que
935 1830 1088 1872 omnia
1128 1834 1172 1873 et
1204 1844 1358 1873 eorum
1398 1831 1578 1886 singula
1610 1845 1711 1873 cum
1744 1845 1810 1884 ea,

189 1912 278 1954 qua
310 1898 503 1954 expedit,
536 1899 778 1955 diligencia
810 1901 1004 1944 audietis
1038 1914 1089 1943 ac
1120 1901 1344 1943 intentum
1366 1905 1568 1945 vestrum
1592 1902 1683 1944 alia
1704 1905 1811 1944 tunc

188 1969 376 2013 dimissa
408 1969 710 2012 sollicitudine
742 1971 1007 2026 prestabitis
1036 1985 1173 2028 super
1196 1972 1271 2015 eis.
1337 1971 1454 2015 Sane
1478 1973 1811 2016 assercionibus

189 2040 297 2082 dicti
328 2040 538 2094 magistri
560 2041 753 2083 Arnaldi
777 2041 848 2083 vel
879 2042 1067 2085 alterius
1095 2043 1431 2099 cuiuscumque,
1472 2044 1510 2086 si
1538 2043 1577 2086 is
1602 2043 1671 2086 vel
1694 2044 1810 2087 alius

188 2110 373 2166 obloqui
407 2110 584 2163 vellent,
619 2113 738 2166 quod
770 2125 853 2154 nos
888 2114 1107 2156 adversus
1142 2128 1243 2155 eum
1278 2127 1331 2156 ex
1363 2114 1513 2157 causis
1538 2114 1638 2157 aljis
1664 2114 1811 2171 indig-

188 2181 284 2224 nati
315 2182 396 2223 hec
440 2181 678 2225 scribimus
721 2183 927 2226 veritatis
970 2183 1205 2240 subfragio
1248 2185 1498 2238 obviantes,
1532 2184 1813 2228 fraternitati

191 2255 337 2295 vestre
382 2251 638 2295 defferimus
686 2267 767 2309 per
813 2258 1091 2309 presentem,
1141 2256 1260 2310 quod
1307 2269 1356 2297 re
1402 2269 1511 2298 vera
1558 2256 1682 2298 nulla
1728 2270 1811 2299 1105

187 2322 330 2365 movit
361 2323 550 2375 occasio,
583 2323 710 2365 nulla
740 2338 822 2367 nos
844 2324 1022 2367 induxit
1054 2326 1316 2382 indignacio
1347 2326 1561 2382 nullaque
1591 2327 1682 2369 alia
1705 2341 1811 2383 que-

188 2393 256 2436 vis
290 2406 428 2435 causa
451 2394 508 2435 ad
541 2393 837 2449 significanda
868 2396 1012 2449 vobis,
1046 2410 1131 2452 que
1160 2397 1438 2452 scripsimus,
1474 2397 1701 2450 excitavit,
1724 2398 1812 2441 nisi

188 2467 238 2506 ut
270 2467 364 2505 tam
397 2476 479 2506 1105
513 2476 649 2518 quam
683 2478 761 2507 vos
793 2465 1054 2508 huiusmodi
1086 2467 1195 2509 dicti
1225 2467 1436 2523 magistri
1458 2468 1655 2510 Arnaldi
1686 2469 1809 2510 oblo-

332 2557 356 2601 1)
383 2557 454 2591 Der
479 2558 595 2590 ersten
622 2556 776 2599 Quatern
801 2558 845 2592 ist
870 2558 924 2593 die
950 2558 1153 2594 lateinische
1185 2561 1429 2604 interpretatio
1455 2561 1661 2605 (Menendez
1687 2562 1715 2605 Ι,
1743 2562 1812 2597 720

189 2615 240 2650 bis
268 2616 364 2659 73S);
397 2626 435 2649 er
459 2615 505 2649 ist
529 2615 575 2649 im
601 2616 857 2651 Konsistorium
882 2619 1111 2663 vorgetragen
1136 2620 1288 2654 worden.
1337 2620 1409 2654 Der
1439 2621 1561 2655 zweite
1587 2621 1743 2663 Quatern
1766 2621 1813 2656 ist

188 2676 248 2709 das
273 2685 336 2708 vor
360 2675 485 2718 Jayme
521 2674 557 2708 in
582 2674 737 2710 Almeria
760 2678 1010 2720 vorgetragene
1034 2677 1278 2712 Rahonament
1309 2678 1513 2723 (Menendez
1538 2679 1567 2722 1,
1600 2680 1810 2724 753—770).

188 2733 254 2768 Die
277 2733 539 2777 Bezeichnung:
578 2733 710 2777 primus
742 2736 932 2778 quaternus
969 2736 1040 2769 und
1070 2737 1196 2771 tertius
1228 2738 1416 2781 quaternus
1448 2737 1654 2781 (Menendez
1680 2739 1708 2781 l,
1744 2738 1812 2773 720

188 2793 260 2826 und
286 2793 367 2837 753)
392 2791 530 2826 bezieht
555 2792 629 2826 sich
654 2793 714 2826 auf
740 2793 807 2826 den
832 2792 951 2829 Codex
968 2793 1115 2830 Collecc.
1142 2795 1275 2831 Curios.
1301 2798 1326 2830 t.
1353 2797 1375 2830 6
1399 2796 1446 2830 im
1465 2796 1598 2831 Archiv
1622 2808 1666 2831 zu
1682 2797 1811 2832 Barce-

189 2850 277 2894 lona,
304 2851 366 2885 der
390 2850 464 2885 drei
483 2851 657 2894 Quaterne
683 2851 832 2886 ent-halt:
859 2852 1121 2898 Interpretati03
1146 2855 1172 2889 f.
1193 2855 1253 2889 15:
1279 2855 1452 2889 secundus
1477 2856 1681 2899 quaternus:
1707 2856 1813 2890 Leti-a

189 2912 339 2944 tramesa
362 2921 426 2954 per
450 2909 482 2944 lo
507 2920 570 2953 rey
594 2910 784 2945 Frederich
809 2910 851 2945 de
869 2911 985 2946 Sicilia
1008 2911 1041 2946 al
1065 2923 1129 2956 rey
1155 2924 1199 2948 en
1223 2913 1349 2957 Jayme
1375 2923 1480 2958 segon
1506 2924 1569 2948 son
1594 2914 1698 2949 trare.
1740 2915 1811 2949 Das

188 2967 249 3002 ist:
276 2968 420 3012 Seynor,
447 2979 507 3003 vos
532 2972 602 3003 sots
628 2971 766 3014 tenguts
793 2969 999 3013 (Menendez
1026 2971 1054 3014 Ι,
1082 2971 1275 3016 745-52);
1301 2972 1326 3006 f.
1353 2971 1416 3015 293
1454 2972 1579 3007 tertius
1605 2975 1794 3017 quaternus

189 3026 429 3062 Rahonament
454 3038 539 3065 uSW.
