2296 3512
974 264 1290 305 —731—

321 399 407 441 hiis
441 413 595 443 sumus
628 401 764 456 longo
796 404 1004 457 tempore
1038 403 1250 446 similiter
1283 406 1452 448 assueti
1486 410 1528 449 et
1562 408 1692 463 quasi
1725 409 1940 461 naturati,

320 470 565 511 secundum
599 472 720 526 quod
753 471 937 514 dicitur:
972 472 1090 515 Usus
1125 477 1192 516 est
1225 475 1370 517 altera
1402 480 1579 519 natura.

462 562 594 615 Quod
618 568 764 606 autem
787 565 950 618 dicitis,
976 567 1095 622 quod
1117 571 1305 622 propter
1322 569 1538 612 honorem
1558 572 1804 627 apostolice
1822 572 1941 614 sedis

321 635 364 674 et
386 636 539 675 sancte
560 634 761 677 Romane
786 636 971 678 ecclesie
993 649 1073 679 vos
1096 638 1347 693 recepimus
1371 644 1640 694 reverenter,
1665 656 1820 684 verum
1845 655 1941 685 esse

318 702 527 745 fatemur.
590 705 648 747 Et
692 706 731 747 si
769 706 853 748 hoc
894 706 1095 759 fecimus,
1136 708 1336 750 debitum
1380 714 1586 753 nostrum
1626 712 1939 768 persolvimus.

321 771 656 829 Subsequenter
689 790 793 818 vero
834 777 1052 831 asseritis,
1093 780 1213 833 quod
1251 792 1333 822 nos
1365 783 1681 836 respondimus
1713 784 1841 826 vobis
1876 784 1954 843 di·-

317 845 478 886 cendo:
517 846 661 888 Labia
693 848 944 890 sacerdotis
979 882 987 890 .
1023 883 1030 890 .
1067 882 1075 890 .
1111 847 1295 892 Certum
1330 854 1410 903 est,
1450 853 1570 907 quod
1601 853 1682 895 hec
1718 853 1806 896 fuit
1838 867 1941 896 auc-

318 915 495 968 toritas,
541 920 610 959 set
643 918 884 973 exposicio,
920 932 1054 974 quam
1097 920 1266 975 ponitis
1311 920 1358 962 in
1396 921 1558 964 litteris
1592 924 1770 977 vestris,
1813 925 1941 967 salva

315 987 578 1029 reverencia
621 991 784 1040 vestra,
828 989 941 1032 satis
983 989 1116 1045 longe
1154 992 1284 1034 nohis
1326 992 1506 1035 videtur
1547 994 1717 1036 distare
1759 996 1813 1036 ab
1847 995 1938 1037 illa.

317 1056 545 1100 Potuisset
577 1061 729 1100 tamen
761 1058 960 1102 faciliter
992 1061 1223 1113 accidisse,
1251 1063 1371 1117 quod
1404 1066 1483 1105 aut
1514 1077 1595 1106 nos
1619 1065 1940 1108 nesciverimus

317 1126 428 1169 bene
471 1128 737 1184 exprimere,
788 1133 867 1172 aut
909 1130 1027 1173 forte
1068 1144 1149 1173 vos
1196 1145 1284 1174 non
1324 1133 1436 1175 bene
1478 1134 1691 1189 potuistis
1735 1139 1941 1178 nostrum

317 1198 572 1255 intelligere
604 1200 800 1255 idyoma.
864 1201 991 1244 Unde
1024 1203 1062 1245 si
1095 1217 1184 1245 non
1208 1206 1276 1246 est
1298 1204 1515 1246 oblivioni
1542 1205 1775 1258 traditum,
1810 1207 1941 1250 nobis

316 1268 496 1312 videtur
519 1271 773 1326 expositam
789 1271 929 1315 fuisse
953 1274 1272 1316 auctoritatem
1296 1275 1380 1316 hoc
1402 1276 1551 1328 modo,
1575 1276 1784 1318 videlicet
1807 1278 1940 1332 quod,

317 1353 417 1381 cum
458 1342 683 1396 propheta
716 1343 967 1386 Malachias
1001 1344 1203 1396 dixisset,
1253 1346 1373 1400 quod
1405 1345 1527 1388 labia
1560 1347 1809 1389 sacerdotis
1843 1381 1850 1388 .

316 1424 411 1462 nos,
455 1411 494 1454 si
526 1412 638 1454 bene
680 1413 894 1466 recolitis,
937 1414 1148 1467 diximus,
1192 1417 1325 1471 quod,
1372 1416 1410 1458 si
1454 1418 1678 1473 propheta
1716 1417 1940 1473 loquendo

312 1482 589 1536 generaliter
633 1484 686 1525 de
727 1485 936 1527 omnibus
978 1486 1290 1530 sacerdotibus
1334 1488 1580 1540 asserebat,
1627 1489 1748 1544 quod
1792 1491 1942 1531 essent

316 1552 465 1607 angeli
481 1553 578 1604 Dei,
597 1554 835 1609 potissime
851 1569 934 1599 nos
946 1556 1200 1609 intelligere
1217 1560 1260 1599 et
1273 1558 1420 1600 dicere
1430 1559 1683 1613 poterimus
1699 1560 1752 1601 de
1765 1572 1941 1602 summo

316 1625 564 1677 sacerdote,
598 1625 806 1668 videlicet
836 1627 1017 1669 domino
1050 1641 1172 1683 papa
1204 1628 1382 1671 noviter
1407 1631 1515 1671 tunc
1546 1634 1697 1672 creato
1732 1633 1775 1672 et
1800 1630 1939 1673 misso

316 1707 340 1735 a
381 1694 491 1746 Dec,
537 1708 637 1737 cum
680 1697 777 1752 ipse
820 1699 939 1740 esset
979 1699 1179 1754 angelus,
1214 1700 1298 1742 hoc
1332 1702 1399 1742 est
1431 1700 1610 1743 missus.
1674 1702 1732 1743 Et
1766 1702 1823 1743 ad
1854 1702 1941 1743 huc

311 1777 403 1806 non
436 1765 579 1807 solum
614 1767 763 1823 ipsum
788 1768 999 1823 angelum
1022 1769 1170 1812 dicere
1191 1774 1470 1826 poteramus,
1499 1785 1654 1813 verum
1682 1771 1818 1813 etiam
1844 1784 1939 1825 vos,

313 1835 391 1890 qui
425 1836 574 1891 angeli
606 1838 701 1881 eius
735 1839 886 1891 eratis,
920 1839 1129 1882 videlicet
1161 1841 1329 1894 nuncii,
1357 1841 1474 1884 sicut
1501 1842 1670 1884 dictum
1695 1846 1763 1885 est
1786 1856 1939 1898 supra,

314 1905 391 1960 qui
423 1907 553 1950 nobis
587 1921 641 1950 ex
671 1913 802 1964 parte
835 1910 945 1952 dicti
977 1911 1148 1953 domini
1180 1925 1297 1968 pape
1341 1913 1688 1955 annunciabatis
1723 1914 1939 1969 gaudium

312 1989 528 2032 inagnum
587 1979 760 2022 scilicet
808 1993 980 2036 pacem,
1042 1982 1183 2024 veluti
1244 1983 1633 2026 annunciaverunt
1689 1984 1839 2039 angeli
1894 1984 1939 2026 in

312 2047 552 2091 nativitate
585 2050 756 2092 domini
788 2052 934 2094 nostri
963 2053 1074 2095 Jesu
1107 2051 1291 2105 Christi,
1329 2068 1429 2096 cum
1463 2055 1739 2097 cecinerunt:
1782 2054 1940 2098 Gloria

311 2116 357 2159 in
382 2120 570 2163 excelsis
592 2122 687 2164 Deo
712 2124 755 2164 et
776 2122 822 2164 in
855 2125 980 2165 terra
1011 2137 1102 2179 pax
1135 2125 1448 2180 hominibus.2)
1505 2126 1562 2167 Et
1596 2127 1653 2168 ad
1684 2126 1770 2167 huc
1803 2126 1939 2168 etiam

312 2189 528 2233 diximus:
563 2193 655 2235 Nos
687 2193 895 2235 volumus
929 2208 1117 2249 querere
1152 2195 1206 2236 ab
1240 2195 1329 2237 isto
1360 2196 1534 2252 angele,
1559 2197 1644 2238 hoc
1667 2199 1735 2239 est
1757 2198 1937 2240 domino

312 2273 447 2316 papa,
481 2264 715 2318 tamquam
746 2263 887 2307 misso
922 2278 947 2306 a
970 2265 1066 2308 Deo
1101 2267 1143 2307 et
1177 2279 1203 2307 a
1229 2266 1358 2310 vobis
1391 2266 1531 2309 veluti
1555 2267 1610 2309 ab
1633 2268 1734 2323 ipso
1757 2268 1937 2310 domino

313 2344 435 2387 papa
466 2332 632 2385 missis,
667 2334 744 2390 qui
776 2336 1023 2377 secundum
1057 2336 1359 2379 assercionem
1391 2339 1612 2394 prophete
1646 2339 1754 2381 estis
1789 2342 1937 2381 custo-

312 2402 392 2445 des
434 2403 624 2445 sciencie
657 2407 700 2446 et
733 2406 853 2460 quod
886 2419 913 2447 a
944 2407 1073 2449 vobis
1107 2408 1284 2463 exquiri
1329 2410 1372 2450 et
1410 2409 1581 2464 requiri
1615 2410 1746 2452 debet
1790 2409 1862 2451 lex
1896 2413 1939 2451 et

310 2473 459 2516 omnis
491 2474 683 2516 sciencia
716 2475 924 2520 veritatis
957 2475 1148 2531 Christi,
1194 2478 1232 2521 si
1263 2479 1323 2532 id,
1365 2481 1485 2535 quod
1518 2481 1783 2532 feceramus,
1816 2480 1937 2522 vide-

310 2543 416 2585 licet
442 2545 624 2586 obedire
648 2548 692 2587 et
713 2546 842 2601 sequi
862 2547 1185 2603 imperatorem
1216 2550 1462 2592 Henricum
1484 2551 1625 2592 Rome
1655 2554 1935 2601 coronatum,

310 2618 496 2657 unctum
531 2618 575 2657 et
601 2617 905 2672 approbatum
937 2632 1019 2674 per
1051 2620 1282 2662 dominum
1322 2634 1489 2676 papam
1524 2624 1567 2663 et
1589 2622 1840 2664 Romanam
1869 2635 1935 2663 ec-

314 2685 497 2728 clesiam
538 2689 636 2728 erat
673 2689 917 2730 secundum
957 2689 1103 2743 legem
1144 2694 1187 2733 et
1224 2692 1466 2734 scienciam
1501 2692 1706 2735 veritatis
1740 2691 1934 2735 Christi?

311 2756 504 2799 Videtur
542 2757 687 2810 nobis,
731 2759 851 2814 quod
891 2759 973 2801 hec
1004 2759 1188 2803 fuerunt
1228 2762 1368 2804 verba
1410 2765 1579 2806 nostra.
1644 2764 1766 2805 Deus
1810 2763 1935 2804 novit

309 2827 564 2880 veritatem,
598 2828 717 2883 quia,
751 2828 879 2870 salva
912 2831 1172 2873 reverencia
1204 2835 1370 2884 vestra,
1405 2846 1492 2874 non
1521 2832 1608 2875 fuit
1630 2834 1933 2876 necessarium

308 2898 441 2941 nobis
486 2899 633 2941 dicere
664 2898 789 2951 illud,
836 2900 956 2954 quod
1002 2901 1255 2956 exprimitis
1300 2903 1347 2944 in
1391 2903 1557 2945 litteris
1598 2904 1774 2956 vestris,
1815 2905 1934 2959 quod

452 3039 478 3081 ²)
505 3043 576 3073 Ans
603 3040 714 3074 Lucas
739 3039 772 3075 2.
798 3039 829 3073 b.
858 3040 910 3073 14.
