2296 3512
907 243 1226 284 —849—

257 360 482 403 presidentes,
510 362 543 394 in
563 363 686 406 quibus
705 365 850 399 fuerunt
868 367 958 401 dicte
977 369 1245 405 constituciones
1260 374 1350 408 edite
1369 378 1403 408 et
1421 380 1540 419 postea
1556 379 1774 417 confirmate,
1794 380 1880 414 lucri

256 428 360 452 causa
387 446 392 452 .
422 446 428 453 .
450 446 456 453 .
482 420 573 454 forte
599 421 635 455 in
660 422 725 457 hac
751 426 858 467 parte,
886 436 952 468 que
972 431 1087 461 vestra
1107 439 1188 463 sunt
1205 441 1273 464 non
1292 443 1359 476 que
1376 433 1486 469 ἱ1110811
1504 435 1643 479 Christi,
1669 439 1712 472 ad
1729 439 1879 473 conden-

256 477 338 510 dum
364 478 503 511 easdem
527 479 667 514 fueritis
692 482 811 524 pocius
837 494 939 528 quam
966 484 1100 520 iusticie
1127 487 1200 521 zelo
1225 489 1330 533 ducti,
1357 493 1448 537 quod
1467 504 1510 527 ex
1528 494 1592 529 1100
1610 496 1880 540 deprehenditur

256 535 445 572 evidenter.
504 536 593 571 Nam
632 549 713 573 011111
751 541 954 576 constitucio
979 543 1103 578 debeat
1129 556 1204 580 esse
1230 550 1396 590 comunis,
1435 563 1506 589 vos,
1545 554 1627 588 dicti
1652 556 1877 598 presidentes,

255 594 364 628 dictas
400 595 668 631 constituciones
706 600 841 633 tantum
879 600 921 634 ob
959 603 1065 636 vestri
1103 605 1138 637 et
1174 609 1369 642 vestrorum
1403 609 1582 645 hominum
1613 614 1796 648 comodum
1826 616 1878 648 in·

254 654 412 697 duxistis⁷
450 664 470 688 a
506 655 627 690 fructu
660 657 768 700 ipsius
801 659 1073 705 constitucionjs7
1112 663 1140 697 si
1173 664 1310 699 fructus
1347 671 1541 713 nuncupari
1574 672 1756 717 [possunt],
1794 673 1877 708 alios

254 711 391 755 penitus
424 712 650 749 excludentes
684 743 690 749 .
721 743 726 749 .
755 744 761 750 .
801 717 896 752 Deus
934 720 1062 754 etenim
1094 722 1324 766 omnipotens,
1352 727 1449 761 cujus
1481 729 1609 764 occulis
1640 732 1755 766 omnia
1785 733 1878 767 nuda

254 772 336 804 sunt
367 772 402 804 et
433 774 620 815 comperta,
659 774 750 808 mala
786 775 1015 812 Sodomorum
1053 779 1162 813 noluit
1192 781 1355 825 iudicare,
1394 786 1503 821 donec
1535 788 1668 822 fuerint
1699 790 1876 825 iudiciario

254 829 373 863 ordine
397 830 552 873 probata,
585 831 786 877 relinquens
812 836 1013 880 exemplum
1038 838 1190 882 prelatis,
1226 852 1270 875 ne
1299 844 1498 887 precipitosi
1525 850 1641 881 essent
1666 849 1701 882 in
1727 850 1876 894 negociis

256 888 494 923 examinandis
523 892 558 924 et
583 893 770 927 sentenciis
800 895 1030 939 proferendis,
1056 898 1209 933 maxime
1234 899 1292 934 ubi
1317 901 1431 946 agitur
1456 904 1497 937 de
1522 906 1617 939 tanta
1641 918 1740 950 pena,
1767 908 1875 952 qualis

253 947 308 980 est
342 948 517 991 separacio
541 959 560 982 a
591 960 733 994 corpore
759 951 887 987 Chlisti
925 955 959 988 et
991 957 1233 992 communione
1260 958 1414 996 ecclesie,
1454 973 1520 1007 qua
1557 974 1646 1007 pena
1683 966 1777 1000 nulla
1801 978 1874 1001 ma-

254 1005 305 1039 ior
328 1005 363 1039 in
389 1005 535 1041 ecclesia
559 1009 731 1052 reperitur
757 1039 764 1047 .
792 1038 798 1044 .
828 1039 834 1045 .

255 1150 351 1190 529.
386 1146 575 1192 Griinde
607 1150 692 1193 fiir
729 1152 804 1196 die
838 1154 1160 1200 Abwesenheit
1193 1159 1271 1202 des
1304 1162 1521 1205 Bischofs
1553 1162 1873 1224 (Franciscus)

252 1230 340 1260 von
370 1219 568 1263 Tortosa
599 1233 703 1265 vom
735 1224 878 1267 Hofe:
912 1227 982 1268 als
1013 1231 1365 1282 neugewahlter
1389 1233 1590 1277 Bischof
1615 1236 1790 1279 konnte
1822 1250 1874 1280 er

249 1289 348 1331 sich
368 1289 452 1332 der
473 1292 756 1344 geistlichen
778 1296 872 1337 und
894 1297 1162 1341 weltlichen
1187 1301 1487 1358 Verwaltung
1508 1306 1663 1348 seiner
1680 1307 1872 1351 Diiizese

247 1371 404 1413 wegen
437 1362 585 1404 vieler
616 1363 968 1421 Abhaltungen,
1002 1370 1253 1413 besonders
1287 1373 1371 1415 der
1401 1374 1871 1433 Templerkonzilien‚

246 1431 379 1473 nicht
410 1432 628 1485 widmen3
675 1434 796 1478 dann
840 1438 905 1479 ist
949 1450 1000 1480 er
1044 1452 1201 1494 wegen
1247 1442 1331 1485 der
1361 1445 1677 1501 Bestatigung
1716 1451 1872 1492 seiner

246 1501 383 1543 Wahl
424 1503 513 1545 mit
545 1503 777 1548 Schulden
818 1509 1095 1562 iiberhiiuft3
1140 1513 1300 1556 wollte
1341 1526 1393 1557 er
1430 1516 1661 1573 kommen‚
1695 1522 1870 1563 miisste

516 1586 568 1616 er
602 1575 962 1621 Wucherzinsen
995 1583 1157 1634 geben.
1220 1583 1354 1638 (1311
1388 1587 1601 1644 Herhst.)

387 1656 483 1698 Hec
535 1660 641 1699 sunt
689 1672 822 1703 cause
864 1662 1067 1706 absentie
1111 1666 1281 1708 domini
1324 1669 1525 1725 episcopi
1557 1671 1866 1725 Dertusensis‚

246 1738 358 1780 quas
399 1725 567 1782 allegat
605 1730 801 1773 sacrista
832 1732 1138 1788 Dertusensis,
1172 1742 1444 1792 procurator
1475 1741 1618 1796 ipsius
1653 1743 1865 1800 episcopi.

245 1796 367 1838 Dicit
399 1800 443 1839 et
475 1798 628 1851 aserit,
663 1803 782 1856 quod
814 1802 912 1858 ipse
937 1805 1143 1849 dominus
1169 1808 1407 1865 episcopus
1430 1812 1607 1855 noviter
1629 1816 1697 1855 est
1719 1814 1866 1858 factus

244 1866 495 1923 episcopus,
543 1870 650 1925 quia
695 1872 840 1915 adhuc
884 1888 973 1917 000
1019 1880 1123 1919 sunt
1166 1878 1309 1934 elapsi
1340 1880 1462 1923 ultra
1494 1884 1639 1926 ΧΙΠΪ.
1675 1899 1863 1928 0100808.

243 1937 300 1978 Ε1
340 1941 581 1994 postquam
627 1940 710 1984 fuit
750 1942 898 1986 factus
932 1946 1171 2003 episcopus
1204 1963 1293 1991 non
1327 1950 1486 1994 habuit
1518 1955 1709 2009 tempus,
1747 1957 1865 2011 quod

241 2012 396 2062 posset
442 2009 672 2054 intendere
722 2013 842 2056 circa
890 2029 955 2068 ea,
1007 2031 1092 2073 que
1138 2023 1378 2075 expectant
1423 2023 1863 2068 administrationem

244 2078 514 2135 episcopalis
538 2082 774 2138 dignitatis
797 2087 893 2128 tam
915 2087 961 2129 in
985 2088 1299 2143 spiritualibus
1319 2106 1455 2147 quam
1473 2094 1516 2136 in
1537 2097 1863 2151 temporalibus

241 2152 431 2204 propter
468 2151 803 2209 impedimenta,
844 2171 929 2212 que
962 2159 1122 2202 habuit
1154 2175 1237 2216 pro
1269 2164 1455 2218 negocio
1489 2165 1861 2222 Templariorum,

242 2220 349 2274 quia
380 2220 742 2275 pluries.habuit
772 2226 992 2272 interesse
1026 2231 1241 2283 conciliis,
1274 2238 1463 2289 propter
1495 2238 1614 2292 quod
1637 2239 1757 2280 dicta
1785 2240 1862 2281 ad·

241 2290 523 2335 ministracio
541 2293 710 2350 pa[s]sa
728 2299 796 2339 est
812 2297 858 2340 in
880 2298 1088 2354 pluribus
1111 2316 1327 2358 magnum
1351 2305 1610 2362 dampnum.
1659 2309 1716 2351 Et
1744 2324 1862 2353 nunc

241 2361 298 2402 ad
320 2361 554 2405 vitandum
578 2368 754 2408 tantum
778 2369 1027 2423 periculum
1052 2372 1198 2416 dictus
1225 2375 1433 2418 dominus
1462 2378 1698 2434 episcopus
1726 2381 1861 2423 habet

239 2431 470 2475 intendere
505 2434 624 2476 circa
665 2450 776 2479 eam.
840 2440 946 2483 Ideo
992 2443 1188 2498 suplicat
1231 2446 1354 2501 regie
1399 2450 1643 2503 magestati
1688 2454 1731 2493 01
1775 2453 1861 2494 toti

241 2502 375 2554 curie,
419 2505 537 2559 quod
579 2507 772 2550 debeant
811 2509 977 2553 habere
1015 2513 1165 2569 ipsum
1205 2521 1468 2560 excusatum
1504 2534 1557 2562 ex
1590 2534 1727 2564 causa
1759 2536 1858 2578 pre-

240 2573 360 2615 dicta
408 2578 451 2616 et
498 2589 551 2617 ex
600 2577 715 2631 aliis,
764 2593 849 2634 que
897 2587 1121 2626 secuntur.
1185 2586 1267 2629 Est
1309 2587 1444 2631 etiam
1490 2590 1575 2632 alia
1612 2605 1748 2635 causa
1782 2594 1858 2635 ab-

239 2644 394 2696 sentie,
429 2645 535 2700 quia
566 2646 663 2702 ipse
696 2649 904 2693 dominus
938 2653 1175 2710 episcopus
1209 2661 1277 2700 est
1309 2659 1472 2703 debitis
1494 2662 1723 2717 obligatus
1746 2664 1857 2706 bene

237 2714 359 2756 ultra
396 2715 539 2757 XXX.
583 2717 709 2760 milia
754 2721 851 2772 sol„
897 2735 950 2763 ex
995 2737 1045 2766 eo
1092 2725 1312 2781 videlicet,
1359 2730 1465 2784 quia
1510 2733 1712 2787 oportuit
1756 2748 1855 2776 eum

236 2785 384 2827 facere
428 2800 615 2842 magnas
664 2803 884 2845 expensas
927 2793 973 2834 in
1019 2795 1365 2841 confirmacione
1419 2803 1462 2842 01
1513 2804 1854 2847 consecracione

236 2856 442 2910 petendis
484 2859 527 2899 et
567 2858 613 2900 in
653 2860 854 2905 conciliis
887 2863 1124 2908 celebratis
1157 2880 1240 2922 pro
1273 2871 1459 2925 negocio
1493 2872 1853 2928 Temploriorum

236 2925 283 2967 in
323 2929 513 2980 tantum,
558 2930 676 2983 quod
717 2930 827 2986 ipse,
872 2932 960 2975 nisi
1001 2935 1191 2991 recipiat
1231 2944 1431 2982 mutuam
1475 2943 1737 2996 peccuniam
1770 2946 1851 2988 sub

236 2996 400 3050 usuris,
445 3011 533 3040 non
579 2999 765 3042 haberet
809 3016 1028 3058 expensas
1072 3019 1154 3061 pro
1200 3009 1417 3053 veniendo
1459 3013 1515 3054 ad
1549 3014 1719 3056 curiam
1754 3050 1761 3057 .
1798 3049 1805 3057 .
1841 3050 1849 3058 .

376 3090 399 3116 F
407 3090 416 3117 i
424 3099 442 3117 n
450 3090 470 3117 k
478 3099 493 3117 e
503 3113 509 3125 ,
530 3092 604 3118 Acta
625 3093 829 3127 Aragonensia.
1667 3096 1711 3130 54
