2296 3512
1107 234 1425 275 —628—

454 361 663 416 retengui
704 375 726 403 e
768 361 864 416 pris
905 361 949 404 lo
998 374 1080 404 con
1121 375 1148 403 a
1191 361 1315 404 rebel
1357 364 1522 404 vostre.
1586 362 1689 404 Dat.
1736 375 1789 404 en
1831 361 1989 405 castell
2022 362 2075 403 de

454 433 660 487 Bonayre
694 445 719 473 a
750 432 893 474 XXX.
927 432 1022 475 dies
1056 432 1127 474 del
1158 446 1253 475 mes
1286 433 1340 474 de
1372 432 1632 474 Decembre.

597 513 686 548 CRD
715 513 840 549 13460.
890 513 944 548 Da
969 513 1093 549 Carros
1130 524 1199 548 von
1236 514 1368 548 seinem
1394 514 1618 548 Amtsantritt
1642 513 1774 558 spricht
1814 514 1885 547 und
1915 524 1954 547 er
1985 513 2075 547 nach

453 572 570 606 Zun'ta
594 572 644 615 (Π
668 572 690 608 1.
718 572 738 607 6
765 583 794 606 c.
821 572 877 615 60)
904 572 1012 607 8011011
1038 583 1104 607 vor
1129 573 1208 607 dem
1225 573 1332 607 Jahre
1360 572 1450 607 1326
1468 573 1696 606 Gouverneur
1720 583 1803 616 war,
1832 572 1922 607 1325
1948 572 1984 605 in
2007 572 2075 606 den

452 631 582 665 letzten
606 631 906 675 Dezembertagen
944 631 1027 666 aber
1052 632 1107 666 die
1138 642 1281 676 grossen
1306 632 1456 675 Kampfe
1480 642 1608 667 waren,
1646 641 1683 665 so
1709 631 1799 665 kann
1829 642 1897 664 nur
1925 630 2014 666 1324
2039 631 2075 664 in

450 689 619 724 Betracht
642 690 815 724 kommen.

453 798 549 839 399.
583 798 743 852 Jayme
773 798 840 840 H.
873 798 1069 840 schenkt
1100 798 1329 840 Kardinal
1360 798 1593 852 Napoleon
1625 798 1804 850 Orsini,
1836 798 1969 839 nicht
2001 797 2073 839 als

450 868 729 922 Belohnung
761 868 847 910 fiir
878 870 1005 911 seine
1036 869 1129 911 viel
1160 867 1311 911 1101101·
1337 881 1392 910 zu
1413 868 1679 910 wertenden
1696 868 1972 910 Verdienste
1994 881 2072 909 um

450 939 741 992 Aragonien,
785 939 987 982 sondern
1030 939 1099 981 als
1131 939 1330 981 Zeichen
1371 939 1553 980 wahrer
1584 938 1950 991 Freundschaft,
1995 940 2073 981 ein

448 1009 757 1052 Einkommen
778 1022 867 1052 von
891 1009 1007 1051 1000
1028 1008 1209 1052 Gulden
1232 1021 1313 1051 aus
1337 1008 1598 1052 Sardinien.
1646 1009 1866 1051 Valencia
1888 1009 2071 1063 (1324)5

1161 1081 1284 1122 Miirz
1316 1080 1358 1121 8.

589 1164 682 1206 Nos
713 1163 741 1204 J
745 1164 911 1205 acobus
935 1163 1019 1204 Dei
1041 1162 1197 1218 gracia
1222 1176 1301 1203 rex
1323 1163 1589 1216 Aragonum
1624 1196 1630 1202 .
1667 1196 1673 1202 .
1711 1196 1718 1202 .
1753 1162 1904 1217 Digna
1927 1162 2071 1204 consi-

449 1233 685 1275 deracione
717 1237 971 1288 pensantes,
1007 1233 1203 1288 qualiter
1234 1245 1328 1285 vos,
1360 1233 1633 1274 reverendus
1666 1232 1713 1274 in
1737 1230 1918 1274 Christo
1940 1236 2072 1287 pater

448 1304 656 1346 dominus
688 1303 914 1359 Neapoleo
950 1337 958 1344 .
995 1337 1002 1344 .
1038 1336 1046 1344 .
1081 1316 1114 1345 s.
1138 1303 1332 1344 Adriani
1365 1302 1581 1345 diaconus
1613 1302 1871 1355 cardinalis,
1899 1303 2072 1357 specia-

447 1375 503 1418 lis
535 1377 690 1417 noster
723 1374 894 1417 amicus
931 1374 1153 1429 nobisque
1190 1373 1476 1425 karissimus,
1521 1387 1546 1414 a
1579 1374 1734 1426 domo,
1768 1387 1859 1428 qua
1891 1374 2071 1416 descen-

447 1446 554 1487 ditis
586 1458 676 1487 non
709 1446 971 1487 divertendo
1010 1444 1228 1500 vestigiis,
1262 1456 1344 1486 nos
1388 1457 1439 1485 ac
1472 1445 1655 1485 domum
1694 1447 1899 1485 nostram
1932 1444 2071 1486 animi

446 1517 644 1571 paritate
674 1516 923 1558 constantis
955 1515 1261 1557 indesinenter
1292 1515 1509 1557 hactenus
1544 1514 1767 1557 dilexistis
1803 1518 1845 1556 et
1879 1514 2069 1570 diligitis

446 1587 687 1639 indefesse,
730 1600 812 1642 pro
848 1586 1204 1641 quibuscumque
1237 1585 1430 1627 honores
1463 1589 1645 1628 nostros
1679 1588 1722 1626 et
1755 1585 1944 1627 comoda
1976 1599 2069 1627 res-

445 1658 717 1713 picientibus
758 1657 1051 1712 invigilando,
1085 1656 1278 1699 sollicite
1312 1660 1354 1698 et
1387 1656 1590 1712 operosis
1625 1655 1883 1698 accionibus
1916 1656 2068 1698 multi-

444 1728 652 1771 formiter
683 1729 952 1779 insistend03
977 1728 1163 1783 dignum
1185 1733 1427 1782 propterea
1451 1727 1727 1768 arbitrantes
1752 1729 1794 1767 et
1818 1740 2066 1782 congruum

447 1813 497 1841 30
530 1801 767 1841 convenire
795 1813 930 1854 quam
954 1799 1201 1854 plmhnum
1224 1798 1347 1853 regie
1374 1797 1616 1850 maiestati,
1641 1800 1691 1838 ut
1713 1811 1802 1839 non
1824 1811 1906 1852 pro
1933 1798 2067 1839 ineri-

444 1871 516 1923 tis,
564 1884 663 1912 cum
707 1870 850 1912 multo
891 1870 1065 1911 maiora
1107 1869 1390 1924 requirerent
1433 1872 1475 1910 et
1517 1868 1652 1910 etiam
1687 1868 1836 1910 dantis
1871 1882 1922 1910 30
1953 1869 2066 1910 reci-

442 1941 608 1997 pientis
642 1941 926 1983 condiciones
958 1940 1173 1996 precipuo
1206 1939 1513 1995 postularent,
1549 1940 1626 1981 sed
1660 1940 1716 1980 ad
1748 1952 1853 1980 vere
1885 1939 2065 1994 signum

444 2013 646 2054 amicicie
676 2012 962 2055 manifestius
991 2012 1330 2062 ostendendum,
1364 2010 1492 2052 vobis
1516 2009 1801 2052 conferamus
1830 2010 2065 2053 encenium

443 2085 488 2124 et
521 2083 716 2139 aliquale
749 2083 1014 2125 beneficium
1053 2083 1371 2124 concedamus:
1412 2084 1653 2136 propterea
1695 2082 1828 2123 corde
1862 2081 2063 2136 gratuito

444 2155 741 2206 concedimus,
785 2155 944 2196 damus
987 2157 1030 2195 et
1072 2152 1344 2195 conferimus
1389 2152 1517 2195 vobis
1551 2152 1785 2194 annuatim
1820 2153 1875 2193 ad
1923 2151 2063 2193 vitam

444 2229 641 2267 vestram
672 2225 796 2267 mille
827 2226 1022 2267 florenos
1057 2225 1155 2266 auri
1188 2225 1241 2266 de
1272 2223 1501 2265 Florentia
1535 2223 1634 2264 auri
1662 2223 1742 2264 fini
1775 2227 1817 2265 et
1848 2223 2061 2278 ponderis

440 2297 565 2348 recti,
599 2310 681 2352 pro
716 2297 878 2352 quibus
910 2295 1128 2338 habendis
1163 2298 1206 2337 et
1237 2294 1538 2350 percipiendis
1560 2294 1613 2349 ,uin
1644 2294 1849 2349 proxime
1872 2297 2061 2335 venturo

440 2366 556 2409 festo
596 2367 816 2409 dominice
855 2366 1111 2409 navititatis
1154 2368 1197 2407 et
1235 2366 1392 2407 deinde
1433 2365 1634 2420 quolibet
1677 2378 1794 2407 anno
1826 2365 1873 2406 in
1906 2365 2061 2406 eodem

438 2437 556 2480 festo
572 2439 840 2494 deputamus
856 2441 899 2480 et
913 2437 1170 2492 specialiter
1182 2436 1468 2491 assignamus
1483 2436 1585 2478 illos
1600 2435 1723 2478 mille
1734 2436 1929 2477 florenos
1947 2435 2058 2486 auri,

441 2522 553 2563 quos
578 2509 747 2564 egregii
766 2509 853 2550 viri
875 2508 1126 2563 Raynerius
1150 2510 1192 2549 et
1213 2506 1474 2549 Bonifacius
1498 2507 1592 2549 eius
1615 2520 1768 2562 nepos,
1795 2506 1980 2548 comites
2004 2505 2058 2546 de

439 2580 715 2622 Donoratico
750 2583 791 2621 et
823 2580 1010 2621 heredes
1044 2592 1095 2620 ac
1127 2590 1409 2620 successores
1443 2578 1513 2620 sui
1544 2577 1674 2619 nobis
1709 2580 1751 2618 et
1777 2575 1945 2618 nostris
1970 2575 2058 2617 sol-

438 2663 543 2692 vere
562 2654 604 2692 01
626 2654 831 2706 prestare
853 2653 1063 2691 tenentur
1081 2651 1124 2690 et
1141 2650 1413 2691 tenebuntur
1429 2661 1512 2703 pro
1532 2662 1667 2690 censu
1685 2654 1727 2689 et
1745 2646 2057 2700 recognicione

440 2733 556 2762 anno
603 2721 803 2775 quolibet
839 2721 886 2761 in
924 2719 1116 2761 termino
1158 2718 1420 2774 supradicto
1461 2732 1514 2760 ex
1548 2731 1684 2760 031183
1717 2716 1978 2760 donacionis
2010 2716 2056 2758 in

436 2790 619 2832 feudum
660 2805 741 2846 per
771 2791 977 2832 inclitum
1009 2789 1226 2831 infantem
1260 2789 1499 2831 Alfonsum
1534 2823 1541 2830 .
1578 2823 1586 2830 .
1622 2823 1629 2830 .
1664 2787 1782 2830 facte
1816 2786 2056 2829 comitibus

438 2862 713 2916 supradictis
746 2863 798 2904 de
833 2864 983 2903 castro
1017 2861 1069 2902 de
1100 2861 1268 2915 Joyosa
1304 2860 1489 2902 Guarda
1527 2860 1614 2901 sito
1646 2859 1692 2900 in
1725 2870 1864 2913 regno
1897 2865 2054 2899 nostro

439 2930 718 2974 Callaritano
750 2931 894 2974 insule
917 2934 1070 2973 nostre
1095 2930 1300 2973 Sardinie
1325 2965 1332 2972 .
1360 2964 1366 2971 .
1395 2965 1401 2971 .
1437 2929 1584 2982 Quam
1611 2929 1885 2971 solucionem
1914 2941 2053 2969 annu-

436 3003 578 3045 natim
611 3002 758 3044 facere
791 3006 1000 3043 tenentur
1023 3006 1066 3043 et
1089 3002 1251 3043 debent
1274 3002 1320 3043 in
1348 3002 1478 3043 domo
1507 3000 1754 3042 salinarum
1777 3003 2052 3050 nostrarum,
