2296 3512
930 248 1250 287 —941—

418 372 533 413 Item
550 375 880 427 protestantur,
901 362 1021 428 quod
1036 378 1191 417 sancte
1206 376 1406 417 Romane
1426 376 1612 419 ecclesie
1629 377 1907 420 institutioni

281 443 325 482 et
357 442 673 484 consuetudini
705 443 908 498 generali
941 444 1290 488 christianitatis
1321 446 1367 487 in
1401 448 1722 490 contrahendis
1747 448 1905 490 matri-

279 510 441 554 moniis
482 525 564 567 per
605 513 688 555 hoc
729 514 949 569 derogare
981 515 1142 556 nolunt
1172 529 1254 557 nec
1287 517 1551 559 scandalum
1584 518 1806 560 suscitare
1838 522 1905 561 set

279 581 468 623 discidia
501 582 660 625 tollere
694 586 737 625 et
771 583 1025 625 amiciciam
1057 598 1328 640 propagare.

417 652 532 694 Item
567 654 687 708 quod
719 653 863 709 ipsius
896 657 1051 696 sancte
1082 656 1285 697 Romane
1318 656 1502 699 ecclesie
1535 671 1690 701 omnes
1724 662 1831 700 sunt
1862 661 1905 700 et

276 734 455 776 semper
494 735 591 765 esse
631 723 789 766 volunt
834 725 1116 767 devotissimi
1162 725 1604 783 dispensationisque
1638 728 1904 770 beneficium

277 793 587 847 oportunitate
632 795 872 849 temporis,
921 798 1165 851 antequam
1206 797 1400 852 predicti
1441 811 1555 852 puer
1588 802 1632 840 et
1663 799 1815 854 puella
1848 800 1905 841 ad
1949 798 1958 803 ⁴

278 875 420 905 annos
452 863 628 906 nubiles
661 865 942 919 perveniant,
976 865 1135 908 volunt
1169 880 1269 908 cum
1303 867 1463 910 effectu
1486 869 1636 924 operis
1659 869 1902 925 inpetrare.

417 933 736 976 Protestantur
782 936 1007 991 premissa
1055 937 1208 978 omnia
1259 941 1303 979 et
1349 938 1530 993 singula
1575 953 1728 981 coram
1775 940 1904 983 vobis

276 1003 559 1058 principibus
593 1005 911 1049 ecclesiasticis
945 1009 990 1048 et
1022 1007 1304 1050 secularibus
1346 1021 1398 1050 ac
1429 1008 1619 1064 prelatis
1654 1012 1696 1051 et
1730 1010 1903 1053 clericis

275 1086 450 1116 necnon
469 1075 794 1129 spectabilibus
813 1077 1068 1129 comitibus,
1092 1078 1372 1133 proceribus,
1390 1079 1652 1132 baronibus,
1676 1080 1902 1123 nobilibus

277 1146 322 1185 et
355 1144 475 1197 aliis,
521 1145 597 1200 qui
629 1149 863 1201 presentes
897 1147 1025 1200 estis,
1072 1150 1272 1190 vestrum
1304 1161 1441 1205 super
1473 1149 1561 1192 hiis
1594 1150 1903 1193 testimonium

276 1213 558 1268 invocantes,
606 1216 738 1258 dictis
782 1219 825 1258 et
858 1217 1063 1273 scriptis,
1110 1219 1227 1261 sicut
1260 1233 1374 1275 opus
1407 1218 1563 1272 fuerit,
1610 1220 1901 1263 afferendum,

274 1284 335 1326 Et
381 1298 461 1327 vos
509 1286 781 1341 magistrum
824 1288 1073 1331 Martinum
1114 1289 1346 1342 Liberum,
1397 1290 1538 1332 civem
1571 1291 1902 1345 Monacensem,

275 1355 507 1410 publicum
549 1357 761 1412 inperiali
803 1359 1075 1401 auctoritate
1108 1360 1336 1402 notarium
1369 1363 1548 1416 petunt,
1589 1362 1828 1416 requirunt
1861 1365 1903 1404 et

274 1428 478 1478 monent,
512 1428 562 1468 ut
595 1428 648 1468 de
680 1427 768 1470 hiis
801 1428 1052 1472 conficiatis
1084 1443 1223 1472 unum
1256 1431 1328 1472 vel
1358 1431 1512 1486 plura,
1547 1431 1663 1474 sicut
1695 1432 1902 1488 requisiti

274 1494 466 1549 fueritis,
499 1497 815 1540 instrumenta.

417 1577 507 1613 CRD
534 1578 637 1614 7934.
689 1578 840 1614 Gleichz.
868 1580 1059 1615 Abschrift.
1110 1581 1193 1625 Pap.
1234 1581 1310 1626 Vgl.
1338 1582 1425 1616 oben
1452 1583 1484 1617 S.
1512 1583 1592 1618 420.
1642 1583 1708 1618 Die
1734 1584 1901 1618 Urkunde

273 1635 473 1671 Friedrichs
488 1637 633 1671 deutsch
647 1637 683 1671 in
694 1638 970 1681 Westenriec1er,
987 1639 1158 1683 Beytrage
1172 1640 1210 1681 V,
1228 1639 1299 1675 ‘240
1316 1641 1388 1675 und
1401 1641 1493 1677 Mon.
1509 1642 1615 1676 Boica
1628 1642 1782 1680 XXXV,
1797 1642 1829 1680 2,
1845 1642 1899 1678 62.
