2296 3512
920 166 1239 205 -617—

271 298 501 352 magestas
548 294 715 346 mittat,
765 306 897 347 quem
946 292 1181 334 consuevit
1227 292 1475 346 mittere32)
1526 291 1646 346 quod
1679 289 1717 332 si
1748 289 1890 342 fieret,

273 367 379 418 5010,
424 366 544 420 quod
575 364 828 406 retraheret
861 377 961 405 eum
998 363 1054 404 ab
1089 360 1330 415 aliquibus,
1364 374 1449 416 que
1483 362 1632 403 essent
1665 360 1722 401 ad
1753 359 1892 401 hono-

272 449 368 477 rem
408 434 597 489 regium,
639 433 818 484 timens,
856 445 911 473 ne
955 431 1163 473 venirent
1207 432 1263 472 ad
1296 431 1511 472 noticiam
1545 429 1715 473 domini
1748 429 1894 472 nostri

274 510 317 548 et
356 504 477 559 regis
523 503 723 545 Roberti.
805 502 1002 544 Veniant
1036 501 1177 543 eciam
1219 502 1272 543 de
1314 502 1436 543 omni
1467 501 1720 543 intencione
1767 500 1895 555 regia

274 575 492 630 complete
539 573 786 616 informati.
864 572 923 614 Et
966 574 1016 614 ut
1062 573 1146 613 hoc
1192 571 1354 614 melius
1385 571 1488 623 fiat,
1536 572 1709 627 regiam
1741 583 1894 626 mage-

274 649 437 690 statem
478 644 674 687 certifico
709 647 753 685 et
785 646 968 685 cautum
1002 643 1156 695 reddo,
1191 643 1323 697 quod,
1356 644 1408 683 ut
1439 642 1602 695 sencio,
1637 641 1894 685 Sardiniam

274 730 374 759 cum
405 714 714 757 benivolencia
748 717 791 756 et
822 727 932 768 pace
964 713 1234 756 Pisanorum
1266 715 1498 768 magestas
1530 713 1658 767 regia
1690 712 1895 755 obtinere

272 801 361 830 non
393 788 558 842 potest,
591 785 679 827 nisi
710 785 756 826 in
790 797 912 837 casu,
944 784 1024 826 ubi
1054 786 1286 838 magestas
1320 783 1445 838 regia
1472 783 1607 825 vellet
1630 784 1829 838 recipere
1853 785 1896 823 et
1941 832 1949 837 ,

272 858 438 900 habere
486 856 733 899 dominium
783 868 950 897 eorum.
1029 854 1189 896 Dictus
1223 853 1436 905 sindicus,
1485 853 1561 907 qui
1595 855 1715 896 venit
1747 854 1895 906 modo,

274 929 390 971 sicut
438 928 552 970 alias
593 926 774 982 scripsi,
819 928 887 968 est
919 925 1063 967 frater
1095 924 1292 966 carnalis
1322 923 1459 977 illius,
1494 924 1571 978 qui
1602 924 1720 979 regit
1752 927 1897 965 totam

275 999 596 1041 comunitatem
628 997 897 1040 Pisanorum
931 999 974 1038 et
1006 996 1186 1037 videtur
1223 995 1335 1037 satis
1368 995 1532 1050 planus
1556 994 1689 1036 homo
1714 998 1756 1035 et
1778 995 1897 1049 quod

273 1071 426 1113 veniat
442 1069 589 1124 magis
607 1068 727 1111 clare
746 1071 790 1110 et
806 1067 1042 1119 veraciter,
1061 1079 1197 1121 quam
1217 1065 1423 1108 venerint
1438 1065 1528 1107 alii.
1541 1065 1898 1120 Verumptamen

273 1141 465 1184 Pisanus
498 1140 589 1183 est!

414 1223 626 1265 Preterea
656 1221 835 1264 noverit
865 1221 992 1276 regia
1020 1222 1267 1275 magestas,
1293 1220 1413 1275 quod
1434 1218 1522 1261 hiis
1546 1218 1704 1261 diebus
1729 1217 1899 1260 amicus

275 1294 389 1337 dixit
410 1293 559 1345 michi,
585 1293 810 1348 quomodo
839 1292 1104 1334 intendebat
1134 1290 1181 1332 in
1206 1290 1326 1333 dicto
1358 1289 1546 1345 negocio
1577 1289 1753 1344 aliquos
1788 1288 1900 1331 3551-

275 1368 445 1408 stentes
469 1364 556 1407 sibi
578 1363 792 1418 recipere,
815 1362 1024 1405 videlicet
1045 1376 1117 1404 me
1141 1364 1185 1404 et
1206 1361 1397 1403 fratrem
1423 1359 1730 1403 Hubertinum
1739 1359 1791 1413 3),
1825 1358 1902 1414 qui

274 1435 449 1492 regium
494 1435 713 1477 honorem
764 1433 997 1489 diligebat.
1072 1434 1131 1475 Et
1181 1445 1263 1488 ego
1306 1432 1400 1474 dixi
1442 1431 1542 1483 sibi,
1588 1431 1709 1486 quod
1752 1432 1901 1472 certus

276 1520 414 1558 eram,
454 1507 575 1562 quod
612 1505 740 1561 regia
777 1507 1009 1560 magestas
1050 1503 1305 1546 confidebat
1343 1503 1397 1545 de
1435 1515 1631 1557 persona
1669 1515 1753 1544 5113
1785 1501 1902 1543 sicut

275 1578 331 1620 de
374 1590 570 1632 persona
614 1580 770 1619 vestra
813 1575 955 1631 regia,
1004 1578 1048 1617 et
1092 1575 1228 1630 quod,
1273 1578 1494 1630 quantum
1542 1576 1642 1615 erat
1686 1586 1740 1615 ex
1771 1574 1901 1626 parte

275 1648 417 1704 regia,
468 1647 779 1690 indubitanter
818 1646 1072 1699 credebam,
1113 1646 1233 1702 quod
1271 1645 1443 1687 nullam
1483 1645 1620 1686 aliam
1661 1656 1903 1698 personam

277 1719 413 1761 vellet
443 1718 760 1761 intermediam
793 1717 881 1761 nisi
914 1731 1059 1770 suam,
1099 1717 1205 1773 quia
1236 1716 1364 1771 regia
1394 1718 1627 1772 magestas
1659 1714 1904 1769 reputabat

278 1803 378 1832 eum
409 1793 535 1832 tante
569 1789 803 1844 sapientie,
837 1789 972 1844 quod,
1018 1787 1226 1843 quamvis
1265 1787 1504 1843 negocium
1537 1790 1656 1829 esset
1695 1786 1903 1837 arduum,

277 1861 323 1903 in
361 1861 450 1904 isto
484 1863 527 1902 et
564 1860 611 1902 111
648 1859 814 1902 11131011
853 1859 949 1901 sine
982 1858 1135 1914 aliquo
1176 1858 1264 1901 alio
1305 1857 1546 1901 assistente
1579 1857 1716 1900 sciret
1748 1859 1903 1911 partes

280 1932 564 1974 concordare.
629 1931 713 1981 Qui
744 1930 993 1985 respondit,
1029 1930 1149 1985 quod
1181 1928 1343 1971 melius
1375 1929 1591 1971 videbant
1623 1929 1726 1979 duo,
1766 1940 1904 1982 quam

277 2015 409 2055 unus,
437 2004 480 2044 et
505 2005 598 2045 tres
631 2015 767 2057 quam
790 2002 894 2053 duo,
918 2003 962 2042 et
986 2001 1106 2055 quod
1129 2000 1215 2042 iste
1239 2003 1338 2042 erat
1358 2000 1520 2041 modus
1544 1999 1665 2041 curie
1688 1999 1902 2040 Romane.

278 2073 395 2114 Nam
433 2086 567 2128 papa,
610 2073 790 2128 quando
832 2071 1032 2114 habebat
1072 2071 1256 2126 aliquod
1290 2071 1482 2113 arduum
1515 2069 1753 2125 negocium
1786 2071 1904 2110 trac-

279 2146 392 2196 tare,
427 2144 622 2185 vocabat
654 2144 766 2185 duos
800 2143 871 2184 vel
902 2142 1056 2198 plures
1089 2142 1345 2184 cardinales
1367 2142 1614 2184 secundum
1637 2139 1905 2196 qualitatem

278 2212 468 2269 negocii.
530 2214 589 2256 Et
611 2215 731 2269 quod
752 2214 875 2257 istud
899 2215 998 2255 erat
1026 2226 1243 2268 magnum
1270 2213 1508 2267 negocium
1542 2215 1586 2254 et
1616 2211 1773 2267 magni
1795 2224 1905 2266 pon-

281 2285 401 2327 deris
441 2288 485 2326 et
526 2285 733 2340 quamvis
774 2284 902 2339 regia
941 2287 1174 2339 magestas
1218 2297 1373 2326 secure
1410 2283 1558 2339 possit
1596 2282 1820 2325 confidere
1852 2281 1906 2323 de

281 2369 347 2408 eo,
379 2358 532 2397 tamen
568 2355 666 2411 ipse
703 2354 889 2397 nolebat
925 2357 1104 2397 tantum
1144 2367 1408 2410 presumere
1441 2355 1496 2396 de
1527 2353 1776 2410 prudencia
1808 2364 1904 2405 sua,

282 2426 402 2483 quod
445 2426 581 2468 vellet
623 2425 811 2481 aggredi
851 2428 1030 2468 tantum
1062 2425 1301 2481 negocium
1334 2425 1430 2468 sine
1464 2425 1616 2480 aliquo
1651 2424 1905 2475 assistente,

283 2497 359 2553 qui
401 2496 618 2552 dirigeret
662 2502 706 2538 et
745 2495 1015 2538 informaret
1056 2510 1157 2539 eum
1201 2497 1258 2538 ad
1296 2496 1542 2538 utilitatem
1576 2495 1685 2537 dicti
1716 2493 1904 2549 negocii.

422 2580 519 2622 Ista
548 2579 703 2621 curavi
727 2578 852 2634 regie
874 2579 1118 2634 magestati
1141 2578 1431 2635 signifficare,
1454 2581 1506 2620 ut
1527 2577 1757 2634 sapiencia
1779 2575 1907 2632 regia

282 2650 513 2702 deliberet,
560 2649 669 2705 quid
713 2649 773 2691 sit
818 2663 901 2705 pro
946 2650 1125 2692 meliori
1170 2653 1215 2692 et
1252 2649 1291 2693 si
1329 2649 1389 2692 sit
1419 2662 1502 2705 pro
1535 2648 1735 2691 utilitate
1766 2647 1906 2702 regia,

283 2721 397 2764 alias
430 2722 542 2763 bene
568 2719 809 2762 removebo
843 2733 944 2761 eum
978 2733 1005 2762 a
1035 2720 1239 2776 predicto
1272 2720 1522 2776 proposito.

424 2872 452 2917 2)
476 2873 547 2906 Das
572 2872 618 2907 ist
643 2871 732 2906 doch
757 2871 1047 2906 wahrscheinh'eh
1075 2871 1177 2906 Vidal
1202 2872 1245 2907 de
1271 2872 1463 2909 villanova.

425 2942 452 2988 ³)
474 2944 547 2978 Der
571 2943 757 2977 beruhmte
781 2942 924 2977 Minorit
948 2941 1118 2977 Ube1²tin0
1145 2943 1188 2977 da
1214 2941 1345 2979 Casale.
