2296 3512
1103 239 1420 280 —690—

448 372 547 412 432.
581 369 668 412 Die
712 368 1005 412 Seneschalle
1048 379 1137 410 von
1180 367 1487 419 Forcalquier
1528 365 1623 407 und
1669 365 1888 407 Piemont
1934 377 1979 406 u.
2027 377 2068 406 a.

448 441 693 483 berichten
714 438 833 482 Karl
854 439 920 480 H.
952 439 1070 480 iiber
1102 437 1190 480 den
1222 436 1332 491 Sieg
1362 438 1439 479 bei
1455 436 1653 490 vignale
1685 447 1834 489 gegen
1855 434 2071 477 Theodor

682 521 771 553 von
800 508 1074 551 Monferrat.
1135 508 1332 561 vignale
1364 507 1518 562 (1307)
1550 506 1733 560 August
1764 506 1836 548 28.

594 603 729 646 Sacre
776 603 898 658 regie
951 601 1182 644 maiestati
1229 600 1465 644 senescalli
1497 600 1638 642 vestri
1669 599 1981 654 Forcalquerii
2028 601 2072 640 et

450 674 727 717 Pedimontis
759 673 977 715 Isnardus
1017 673 1069 714 de
1106 673 1342 723 Ponteues,
1391 671 1672 713 Bertrandus
1712 671 1765 712 de
1800 669 1996 725 Massfit]
2029 672 2072 711 et

453 744 713 787 Guirandus
760 745 813 786 de
862 742 1077 798 Symiana
1240 743 1313 784 Ad
1357 741 1611 784 maiestatis
1662 744 1809 783 vestre
1856 740 2072 782 noticiam

451 815 734 872 presencium
781 818 937 857 tenore
985 813 1247 865 deferimus,
1297 813 1418 868 quod
1465 814 1721 854 assumente
1764 810 1987 853 altissimo
2026 810 2073 852 in

453 887 546 931 suis
584 886 795 928 manibus
834 885 1071 927 clemencie
1103 887 1303 926 vestram
1342 896 1527 925 causam
1567 882 1637 923 die
1676 882 1826 924 sabati
1859 881 2072 923 vicesimo

453 957 646 1013 septimo
678 956 876 1012 Augusti
906 955 953 997 in
984 955 1277 997 ulterioribus
1308 953 1475 995 finibus
1507 952 1850 994 marchionatus
1884 951 2073 994 Montis-

452 1028 613 1070 ferrati
644 1027 762 1069 inter
795 1030 995 1068 castrum
1025 1024 1225 1067 Cunzani
1259 1023 1462 1066 comunis
1493 1023 1771 1065 Alexandrie
1805 1025 1849 1064 et
1873 1025 2074 1065 castrum

454 1098 679 1142 Ozimiani
723 1098 925 1140 comunis
956 1096 1094 1138 Pauie
1134 1095 1303 1137 bellum
1349 1094 1553 1149 campale
1599 1107 1699 1135 cum
1733 1093 1877 1136 Greco
1920 1092 1998 1135 illo
2032 1095 2076 1135 et

455 1169 618 1212 comite
648 1168 917 1224 Philippono
962 1168 1016 1209 de
1047 1167 1189 1208 Pauia
1231 1165 1472 1207 habuimus
1517 1178 1617 1206 cum
1662 1177 1816 1206 eorum
1861 1163 2075 1216 exercitu,

457 1240 663 1282 videlicet
708 1238 905 1295 quinque
942 1237 1125 1279 milibus
1157 1236 1386 1292 peditibus
1420 1238 1463 1277 et
1494 1234 1710 1277 trecentis
1744 1233 2076 1290 quinquaginta

456 1311 683 1366 equitibus
725 1312 769 1351 et
799 1308 1037 1351 victoriam
1071 1308 1173 1349 inde
1204 1307 1379 1362 pariter
1411 1320 1511 1348 cum
1544 1305 1758 1347 comitiva
1790 1305 2077 1347 dominorum

454 1381 654 1437 Philippi
698 1381 752 1422 de
784 1378 1027 1430 Sabaudia,
1072 1377 1348 1420 marchionis
1389 1375 1674 1419 Saluciarum
1719 1379 1764 1418 et
1796 1375 1982 1430 Georgii
2023 1376 2077 1416 de

456 1451 574 1495 Sena
617 1450 894 1493 obtinuimus
935 1448 1272 1505 triumphalem,
1319 1448 1383 1491 sic
1428 1448 1548 1503 quod
1581 1448 1634 1489 de
1668 1446 1837 1489 eisdem
1868 1445 2077 1488 hostibus

457 1523 577 1565 circa
607 1522 729 1564 mille
763 1521 998 1577 quingenti
1030 1521 1075 1561 in
1109 1532 1269 1575 campo
1303 1522 1408 1561 sunt
1431 1518 1599 1560 mortui
1627 1520 1670 1560 et
1691 1517 1857 1559 retenti
1883 1520 1927 1559 et
1947 1516 2077 1558 illum

455 1594 668 1650 precipue
719 1592 927 1634 comitem
967 1591 1288 1647 Philipponum
1334 1591 1387 1632 de
1427 1589 1573 1632 Pauia
1611 1592 1814 1631 tenemus
1846 1587 1894 1629 in
1927 1590 2078 1630 castro

455 1664 663 1720 Vignalis
680 1663 846 1707 vestris
869 1663 1127 1705 carceribus
1149 1661 1472 1716 mancipatum.
1520 1660 1729 1702 Nondum
1754 1659 1872 1701 enim
1895 1658 2077 1711 scimus,

457 1735 495 1779 si
540 1735 743 1791 prefatus
784 1733 955 1776 Grecus
1001 1736 1208 1775 mortuus
1253 1732 1299 1774 in
1341 1744 1501 1787 campo
1533 1731 1766 1783 remansit,
1809 1730 1888 1773 sed
1919 1729 2077 1781 fertur,

458 1807 578 1862 quod
611 1820 710 1848 cum
740 1809 864 1847 certa
887 1804 1034 1860 gentis
1057 1804 1282 1859 armigere
1305 1802 1518 1845 comitiva
1543 1801 1663 1844 infra
1685 1802 1855 1844 dictum
1879 1803 2079 1843 castrum

458 1877 683 1920 Ozimiani
727 1890 809 1932 per
854 1875 960 1931 fuge
1005 1875 1257 1918 subsidium
1304 1888 1351 1916 se
1399 1873 1606 1916 salvavit.
1671 1871 1892 1928 Speratur
1929 1874 2080 1913 autem

457 1947 654 2000 indubie,
688 1948 808 2003 quod
831 1950 954 1988 terra
970 1945 1302 1988 Montisferrati
1325 1944 1588 2000 expedietur
1609 1943 1655 1985 in
1672 1943 1838 1985 vestris
1855 1941 2079 1994 manibus,

459 2019 497 2062 si
540 2018 803 2074 peccuniam
848 2031 930 2073 pro
978 2016 1215 2071 stipendiis
1262 2015 1410 2071 gentis
1456 2015 1679 2070 armigere
1711 2013 1948 2055 Prouincie
1982 2046 1990 2054 .
2026 2045 2034 2053 .
2070 2044 2079 2052 .

458 2089 643 2131 iusserit
679 2091 834 2131 vestra
874 2087 1095 2130 serenitas
1142 2086 1363 2129 destinari
1408 2119 1416 2127 .
1455 2120 1463 2127 .
1505 2119 1513 2127 .
1557 2084 1736 2140 Scripta
1770 2083 1977 2139 Vignalis
2009 2082 2081 2124 die

461 2160 684 2202 dominico
716 2159 926 2201 XXVIII.
953 2158 1166 2214 Augusti,
1201 2158 1251 2199 V.
1280 2156 1543 2199 indiccione.

602 2253 691 2288 CRD
730 2253 861 2287 Kasten
898 2251 975 2288 C·G
1011 2251 1217 2286 LXXXIII.
1281 2250 1338 2285 Or.
1376 2250 1459 2294 Pap.
1499 2249 1574 2293 Ssp.
1636 2249 1804 2283 Adresse:
1845 2247 1950 2283 Sacre
1988 2246 2081 2291 regie

460 2312 641 2356 magestati
664 2311 859 2346 Jerusalem
885 2313 920 2345 et
944 2311 1070 2346 Sicffie.
1118 2311 1190 2345 Das
1215 2310 1443 2354 Tagesdatum
1468 2308 1514 2343 ist
1538 2308 1632 2352 irrig,
1664 2308 1719 2342 die
1744 2307 1920 2342 Indiktion
1945 2305 2081 2350 richtig.

462 2371 594 2406 Grecus
625 2371 670 2404 ist
693 2371 850 2405 Theodor
880 2381 949 2404 von
974 2370 1195 2405 Montferrat.
1245 2368 1473 2412 Philipponus
1506 2368 1548 2402 de
1574 2367 1754 2411 Langusco
1782 2366 1867 2400 wird
1899 2365 1953 2400 bei
1979 2364 2082 2399 Niko-

460 2429 535 2464 laus
561 2440 628 2463 von
654 2429 813 2464 Butrinto
839 2430 930 2463 'efter
955 2429 1121 2463 erwahnt.
1173 2428 1259 2462 Zum
1285 2428 1424 2461 Ganzen
1450 2425 1518 2471 vgl.
1543 2437 1625 2461 man
1651 2426 1737 2461 Caro
1763 2425 1809 2468 Π,
1837 2424 1916 2460 358.

463 2585 561 2627 433.
596 2586 736 2627 Zwist
773 2584 999 2626 zwischen
1036 2583 1153 2625 Karl
1184 2583 1251 2625 Π.
1290 2582 1384 2624 und
1422 2581 1690 2623 Friedrich:
1732 2579 1769 2622 1.
1803 2578 2083 2622 Gravamilla

463 2655 734 2697 Friedrichs
778 2654 993 2709 (anfangs
1033 2653 1180 2708 1308).
1248 2653 1289 2695 2.
1329 2651 1695 2705 Schiedsspruch
1738 2652 1923 2711 Jaymes
1966 2650 2083 2691 iiber

530 2726 604 2767 die
635 2738 724 2768 von
755 2725 1001 2767 Friedrich
1032 2725 1270 2767 besetzten
1302 2724 1507 2776 Burgen.
1570 2721 1756 2777 (1308)9
1787 2722 1909 2763 M'arz
1944 2719 2013 2761 18.

610 2822 644 2861 1.
678 2820 773 2861 Rex
795 2818 991 2861 Karolus
1014 2818 1144 2860 inivit
1165 2822 1301 2873 pacta
1324 2831 1424 2859 cum
1445 2816 1764 2868 Januensibus,
1788 2815 1908 2870 quod
1930 2814 2084 2855 iuvent

467 2903 567 2932 eum
601 2902 810 2944 expresse
844 2890 900 2930 ad
933 2888 1280 2944 acquisit-ionem
1311 2887 1458 2929 insule
1492 2886 1695 2940 Sicilie.1)

611 3016 635 3060 ¹)
660 3010 757 3051 Uber
781 3016 848 3050 den
873 3016 1022 3060 Vertrag
1047 3026 1126 3050 vom
1153 3016 1186 3051 6.
1211 3015 1411 3050 November
1438 3015 1527 3050 1307
1553 3014 1621 3058 vgl.
1648 3012 1735 3049 Caro
1760 3013 1807 3055 Π,
1835 3011 1902 3047 359
1929 3012 1973 3046 ff.
