2296 3512
944 295 997 299 -—
1062 271 1145 312 843
1211 296 1264 300 -«

433 399 547 440 Item
580 398 796 440 officiales
829 398 969 440 vestri
1004 432 1011 439 .
1038 432 1045 439 .
1074 432 1080 439 .
1114 399 1159 440 111
1194 399 1420 454 aliquibus
1444 400 1553 443 locis
1589 435 1595 441 .
1623 435 1629 441 .
1662 435 1668 442 .
1703 414 1791 442 non
1814 414 1914 456 per-

291 468 492 519 mittunt,
541 469 660 523 quod
701 482 838 523 super
879 469 1027 511 causis
1070 470 1424 512 testamentariis
1469 471 1609 512 eciam
1651 472 1697 513 in
1738 471 1912 514 relictis

292 539 349 580 ad
393 539 492 593 pias
541 552 703 581 causas
751 552 962 581 recursus
997 540 1053 580 ad
1087 540 1257 581 curiam
1293 541 1645 584 ecclesiasticam
1677 543 1912 584 habeatur.

433 609 484 650 In
526 609 695 650 relictis
743 610 799 650 ad
843 609 944 663 pias
978 622 1139 651 causas
1172 610 1386 665 intelligit
1418 612 1627 655 dominus
1658 626 1751 664 rex,
1796 613 1915 668 quod

292 678 456 721 eleccio
490 679 549 721 sit
583 680 762 721 actoris.

433 750 547 791 Item
586 750 861 806 compellunt
904 750 1143 805 religiosos
1183 750 1324 793 eciam
1365 752 1411 793 in
1443 766 1564 794 mere
1598 754 1915 808 personalibus
1946 796 1955 802 ,

290 832 445 862 coram
477 833 524 862 se
557 821 610 862 de
640 820 755 876 ipsis
789 821 1126 876 querelantibus
1158 822 1431 877 respondere
1465 857 1473 864 .
1499 857 1506 864 .
1538 857 1545 864 .

432 891 485 932 In
519 891 755 947 exemptis,
802 905 903 933 cum
937 894 1056 935 esset
1088 891 1272 934 difficile
1306 893 1362 933 ad
1396 906 1623 935 summum
1655 894 1916 949 pontificem

291 960 458 1003 habere
501 975 751 1015 recursum,
783 962 1029 1004 trahuntur
1062 976 1115 1004 ex
1148 963 1470 1005 consuetudine
1505 977 1657 1006 coram
1691 965 1816 1006 curia
1849 979 1915 1007 se-

292 1031 437 1073 culari
470 1066 477 1073 .
505 1066 512 1074 .
543 1066 551 1074 .

433 1103 547 1145 Item
581 1103 802 1158 magister
834 1107 1011 1146 monete
1045 1106 1207 1156 vestre,
1243 1118 1380 1160 quam
1414 1105 1516 1147 cudi
1548 1104 1698 1148 facitis
1733 1105 1915 1147 Barchi-

291 1186 426 1225 none,
475 1187 562 1216 non
610 1175 835 1230 permittit
880 1175 1007 1216 illam
1054 1188 1310 1230 personam,
1361 1189 1446 1231 que
1490 1175 1537 1217 in
1576 1179 1671 1217 toto
1706 1179 1916 1231 computo

290 1242 435 1298 ipsius
500 1248 678 1287 monete
736 1245 968 1288 consuevit
1030 1251 1073 1287 et
1129 1246 1262 1287 debet
1314 1246 1532 1288 interesse
1588 1259 1671 1302 pro
1730 1247 1918 1289 ecclesia

290 1315 660 1367 Barchinonensi,
703 1330 788 1372 que
822 1317 875 1358 de
918 1320 1012 1358 toto
1050 1316 1176 1359 lucro
1209 1317 1352 1371 ipsius
1384 1322 1563 1359 monete
1597 1318 1816 1359 decimam
1849 1331 1918 1359 re-

293 1384 442 1440 cipere
490 1387 643 1439 debet,
720 1387 765 1429 in
823 1388 1054 1443 empcione
1107 1387 1176 1429 vel
1233 1388 1533 1430 extimacione
1583 1388 1760 1443 argenti
1806 1422 1813 1429 .
1858 1423 1865 1430 .

291 1454 510 1500 interesse
544 1491 550 1497 .
576 1491 584 1498 .
611 1491 618 1498 .

435 1526 673 1570 Scribatur
707 1528 858 1571 baiulo
892 1529 1106 1584 generali,
1153 1530 1273 1585 quod
1306 1532 1467 1572 vocato
1501 1529 1699 1585 capitulo
1732 1529 1918 1571 Barchi-

291 1598 481 1640 nonensi
521 1599 712 1653 recipiat
756 1601 895 1643 testes
930 1634 972 1642 ..
1002 1634 1010 1642 .
1046 1601 1102 1642 ad
1147 1601 1445 1654 probandum,
1496 1601 1616 1656 quod
1648 1601 1719 1642 usi
1750 1599 1919 1643 fuerint

290 1668 544 1724 privilegiis
579 1704 586 1711 .
613 1704 620 1711 .
647 1704 655 1711 .
691 1670 918 1724 predictis.

432 1741 546 1783 Item
590 1742 781 1783 barones
824 1744 867 1783 et
908 1741 1075 1784 milites
1119 1741 1345 1797 recipiunt
1381 1742 1586 1784 homines
1618 1742 1664 1784 in
1697 1743 1920 1784 comanda

293 1812 338 1852 et
369 1811 415 1852 in
447 1811 671 1855 vassallos
703 1812 748 1853 in
782 1811 894 1854 locis
928 1812 1234 1855 ecclesiarum.

432 1882 482 1924 In
531 1883 766 1938 Aragonia
816 1897 905 1925 non
952 1883 1029 1935 fit3
1083 1883 1129 1925 in
1175 1882 1448 1926 Cathalonia
1494 1886 1652 1938 petant
1699 1884 1743 1925 in
1794 1884 1919 1926 curia

293 1954 494 2007 generali
527 1988 535 1995 .
562 1988 569 1995 .
600 1988 608 1995 .

434 2025 549 2067 Item
596 2024 878 2080 supplicant,
944 2026 1065 2081 quod
1111 2028 1380 2068 revocentur
1426 2025 1760 2080 prohibiciones
1805 2060 1813 2067 .
1859 2059 1866 2067 .
1909 2060 1916 2067 .

292 2095 440 2138 tocius
473 2096 704 2150 provincie
742 2097 795 2139 de
817 2097 1039 2140 fructibus
1074 2131 1081 2138 .
1112 2130 1120 2137 .
1147 2131 1154 2137 .
1189 2097 1284 2139 sive
1306 2096 1603 2152 proventibus
1627 2096 1918 2139 ecclesiarum

293 2179 381 2207 non
416 2167 707 2211 extrahendis
739 2167 811 2210 vel
842 2168 1194 2210 introducendis.

434 2238 530 2279 Iam
565 2241 632 2280 est
664 2238 897 2293 provisum
932 2273 939 2280 .
1000 2273 1008 2280 .

436 2319 526 2355 OHD
553 2320 620 2354 467
648 2331 674 2354 s.
701 2321 726 2356 f.
769 2320 827 2355 Or.
846 2321 1000 2357 Ausfert.
1019 2321 1103 2365 Pap.
1146 2321 1210 2355 Die
1230 2321 1422 2365 Datierung
1447 2320 1492 2355 ist
1517 2320 1690 2356 unsicher.
1734 2319 1920 2354 Vielleicht

291 2380 415 2424 gehbrt
439 2379 499 2413 das
525 2379 631 2414 Stiick
657 2390 699 2413 zu
725 2380 790 2413 den
816 2379 961 2424 Klagem
988 2380 1043 2414 die
1070 2380 1130 2414 das
1156 2378 1465 2414 Proxinzialkonzil
1491 2379 1570 2413 dem
1597 2379 1711 2423 Konig
1736 2381 1919 2423 vortragen

293 2438 385 2473 liess.
436 2437 513 2482 Vgl.
540 2449 612 2472 vor.
639 2438 701 2472 Nr.
751 2438 946 2473 Jedenfalls
970 2439 1059 2473 doch
1085 2439 1181 2473 nicht
1206 2438 1275 2473 viel
1301 2440 1426 2482 spater‚
1454 2439 1496 2472 da
1521 2438 1575 2472 die
1602 2437 1781 2482 Regelung
1805 2438 1920 2472 dieser

293 2498 405 2542 Dinge
429 2497 521 2531 wohl
547 2497 624 2531 bald
651 2497 739 2532 nach
765 2498 829 2532 den
850 2497 1089 2532 italienischen
1107 2499 1226 2541 Ziigen
1251 2497 1380 2542 erfolgt
1405 2498 1459 2534 ist.
1503 2498 1574 2531 Der
1591 2497 1678 2531 Titel
1695 2497 1756 2531 des
1772 2496 1919 2531 Stiickes

292 2556 415 2591 lautet:
443 2557 636 2591 Peticiones
663 2555 746 2590 cleri
773 2560 807 2590 et
831 2556 1074 2600 responsiones
1099 2557 1190 2602 regis
1214 2557 1256 2591 ad
1282 2568 1351 2592 eas.

295 2679 392 2719 523.
418 2675 698 2731 Erzbischof
715 2675 971 2718 Rodericus
994 2688 1081 2718 von
1103 2676 1372 2729 Tam-agona
1394 2688 1451 2717 an
1472 2676 1502 2719 J
1504 2686 1633 2730 ayme
1655 2675 1741 2717 IL:
1776 2675 1918 2716 bittet

293 2761 373 2790 um
391 2746 545 2791 Geleit
567 2747 653 2788 fiir
676 2746 782 2788 zwei
802 2745 1025 2788 Bischiife
1047 2759 1150 2788 zum
1167 2746 1612 2789 Provinzialkonzil.
1649 2745 1918 2798 Tarragona

860 2817 1041 2871 (13052)
1072 2818 1251 2861 Januar
1284 2817 1351 2859 15.

483 2935 490 2942 .
528 2934 535 2942 .
571 2901 730 2942 Vestre
758 2899 1024 2941 excellencie
1051 2900 1337 2954 presentibus
1359 2899 1608 2950 intimetur,
1640 2911 1723 2940 nos
1756 2910 1914 2940 convo-

295 2985 422 3015 casse
457 2971 692 3027 episcopos
727 2974 770 3012 et
802 2970 1003 3026 prelatos
1036 2973 1189 3012 nostre
1222 2970 1452 3025 provincie
1479 2968 1827 3011 Terraconensis
1861 2968 1917 3009 ad

296 3043 549 3092 concilium,
591 3043 711 3097 quod
750 3041 795 3083 in
834 3040 1041 3096 proximo
1085 3040 1130 3082 in
1169 3043 1325 3083 nostra
1365 3039 1688 3081 Terraconensi
1731 3037 1917 3080 ecclesia
