2296 3512
886 265 937 270 ——
1003 244 1085 282 833
1150 267 1203 271 —

235 368 390 423 garius
437 369 491 409 de
521 368 664 410 Jorba
712 370 755 409 et
803 382 884 424 ego
933 369 1082 411 vocati
1128 370 1295 413 fuimus
1341 371 1387 413 in
1420 372 1653 427 presencia
1687 371 1855 414 domini

233 452 361 494 pape.
438 438 496 479 Et
543 438 741 480 ostendit
786 439 918 482 nobis
952 441 1176 494 quendam
1207 454 1489 496 processum,
1524 442 1778 485 sentencias
1812 446 1854 484 et

236 510 385 551 cartas
417 507 637 563 publicas,
671 510 895 562 quomodo
928 523 1048 565 papa
1072 511 1309 564 Martinus,
1343 511 1604 568 Gregorius,
1640 516 1683 555 et
1717 513 1848 554 Boni-

233 579 376 621 facius
399 578 492 620 suis
515 579 795 634 temporibus
822 579 1077 622 citaverunt
1100 581 1309 623 comitem
1331 583 1653 638 Empuriarum
1676 584 1852 625 ratione

235 649 467 692 cuiusdam
494 649 639 691 mutui
679 649 766 692 sibi
808 650 917 692 facti
962 651 1018 692 ab
1052 650 1377 706 Hospitalariis
1425 666 1561 709 super
1603 655 1766 697 castris
1801 655 1854 697 de

234 719 506 773 Quadaques
549 722 592 761 et
639 721 692 761 de
724 720 919 762 Turillis.
983 721 1041 762 Et
1086 721 1183 777 ipse
1230 735 1311 776 per
1346 736 1477 765 suum
1510 728 1854 779 procuratorem

234 790 487 845 cmnparuit
511 794 553 831 et
577 804 713 832 causa
734 790 819 833 fuit
843 791 1013 833 comisa
1035 792 1178 847 priori
1202 793 1254 835 de
1278 791 1449 849 Campo
1474 794 1853 838 Barchinonensis

235 864 277 903 et
322 873 538 916 processu
571 862 788 916 temporis
820 862 988 904 oficiali
1020 863 1190 904 domini
1224 863 1425 919 episcopi
1457 866 1849 909 Barchinonensis.

236 931 361 973 Unde
395 931 503 974 dicit
536 932 743 975 dominus
776 946 910 988 papa,
945 934 1077 988 quod,
1114 933 1333 975 cumiani
1367 935 1481 977 alias
1513 949 1593 991 per
1626 950 1731 980 suos
1755 951 1853 992 pre—

233 1003 490 1046 decessores
534 1015 682 1045 comes
715 1003 1035 1057 Empuriarum
1076 1004 1213 1046 fuerit
1247 1005 1425 1055 citatus,
1464 1005 1560 1060 ipse
1593 1007 1639 1048 in
1671 1007 1852 1049 citando

232 1073 462 1116 dominum
513 1073 730 1115 infantem
779 1075 961 1116 Petrum
1010 1075 1186 1117 ratione
1234 1076 1343 1117 dicti
1391 1076 1632 1119 comitatus
1680 1078 1853 1119 nullam

231 1144 337 1186 fecit
382 1144 508 1186 vobis
540 1144 802 1197 novitatem,
854 1145 1020 1197 volens,
1068 1148 1119 1187 ut
1167 1146 1358 1199 videtur,
1408 1160 1461 1188 ex
1498 1148 1714 1202 predictis
1749 1162 1852 1190 con-

232 1215 424 1267 cludere,
468 1216 599 1270 quod,
634 1216 673 1257 si
706 1229 853 1258 comes
886 1216 1207 1272 Empuriarum
1239 1217 1578 1273 recognovisset
1611 1232 1690 1261 vos
1724 1232 1853 1273 supe-

231 1287 420 1339 riorem,
481 1286 785 1341 Hospitalarii
845 1300 1133 1342 nequaquam
1190 1288 1456 1330 habuissent
1508 1289 1565 1330 ad
1618 1289 1854 1331 ecclesiam

231 1358 480 1399 Romanam
503 1370 761 1400 recurssum
792 1358 968 1400 ratione
1003 1358 1111 1400 dicti
1142 1359 1288 1400 mutui
1320 1372 1399 1401 seu
1432 1363 1687 1402 castrorum
1718 1360 1855 1402 tradi-

233 1427 371 1470 cione.
455 1428 526 1469 Ad
575 1429 694 1483 quod
741 1427 826 1470 fuit
872 1442 954 1484 per
999 1429 1325 1485 Berengarium
1371 1431 1424 1472 de
1470 1431 1613 1472 Jorba
1662 1434 1706 1472 et
1737 1433 1853 1485 mel)

231 1512 536 1554 responssum,
571 1500 690 1552 quod
723 1499 839 1541 forte
870 1512 951 1542 vos
985 1502 1064 1541 aut
1085 1501 1428 1556 predecessores
1452 1502 1592 1544 vestri
1615 1515 1854 1557 processus

233 1572 276 1611 et
308 1569 551 1611 citaciones
589 1570 818 1625 predictas
850 1570 1099 1613 maioribus
1133 1571 1342 1627 occupati
1374 1571 1572 1627 negociis
1606 1572 1854 1628 ignorastis

231 1653 314 1682 nec
359 1653 440 1695 per
477 1640 648 1682 factum
696 1640 874 1683 comitis
921 1654 1001 1684 vos
1029 1642 1252 1684 deberetis
1285 1642 1589 1694 iuridiccione,
1639 1656 1775 1698 quam
1809 1644 1854 1685 in

232 1711 380 1766 ipsum
423 1714 466 1752 et
510 1714 680 1752 terram
723 1725 852 1753 suam
896 1712 1097 1764 habetis,
1146 1713 1346 1765 amitere,
1396 1713 1534 1756 immo
1567 1713 1655 1769 ipsi
1687 1715 1854 1769 Hospi-

232 1782 399 1834 talarii,
434 1782 509 1836 qui
542 1783 599 1824 ad
632 1782 770 1824 alium
794 1783 1026 1825 dominum
1049 1783 1305 1826 habuerunt
1326 1797 1598 1836 recurssum,
1625 1787 1667 1826 et
1691 1797 1851 1837 comes,

232 1853 309 1907 qui
351 1852 617 1908 comparuit,
661 1857 810 1895 essent
851 1854 1055 1908 graviter
1095 1854 1323 1909 puniendi.
1387 1856 1444 1896 Et
1489 1855 1697 1897 dominus
1730 1869 1853 1911 papa

233 1923 359 1975 dixit,
405 1924 523 1977 quod
564 1936 653 1965 non
699 1926 795 1965 erat
828 1924 1086 1976 verisimile,
1134 1926 1253 1979 quod
1287 1939 1365 1967 vos
1400 1928 1478 1967 aut
1508 1926 1852 1981 predecessores

231 1993 373 2035 vestri
412 1993 685 2048 ignoraretis
727 1994 993 2037 citacionem
1035 1995 1286 2050 predictam
1320 2010 1400 2038 nec
1434 2009 1630 2047 causam,
1675 2010 1774 2038 cum
1808 1997 1853 2038 in

232 2066 355 2105 terra
402 2067 554 2106 vestra
599 2065 805 2120 predicta
852 2078 989 2108 causa
1037 2066 1289 2109 duceretur.
1352 2067 1410 2108 Et
1448 2067 1751 2122 Berengarius
1798 2069 1853 2109 de

230 2134 374 2175 Jorba
406 2134 559 2186 dicxit,
603 2136 735 2190 quod,
770 2150 869 2178 cum
904 2150 982 2178 vos
1016 2136 1132 2178 citra
1165 2150 1290 2179 mare
1322 2137 1496 2179 nullum
1527 2137 1753 2179 viventem
1787 2152 1854 2180 re—

234 2205 563 2260 cognosceretis
608 2206 886 2261 superiorem
930 2207 976 2248 111
1018 2208 1346 2263 temporalibus
1381 2208 1460 2263 [et]
1495 2208 1776 2264 superiorem
1809 2209 1854 2250 111

232 2275 430 2317 dominio
480 2278 642 2328 vestro,
690 2277 873 2319 minime
904 2278 1100 2333 possetis
1132 2278 1229 2333 pati
1261 2278 1307 2320 in
1339 2281 1517 2320 tantum
1556 2279 1853 2334 preiudicium

232 2346 601 2401 iuri[s]diccionis
635 2350 794 2400 vestre,
829 2349 948 2402 quod
980 2348 1135 2403 vigore
1169 2349 1402 2391 citacionis
1431 2349 1549 2392 facte
1584 2351 1637 2392 de
1672 2351 1852 2392 domino

232 2417 404 2458 infante
436 2416 568 2458 Petro
600 2417 645 2458 in
680 2417 830 2473 aliquo
862 2420 1194 2474 procederetur.
1258 2420 1316 2461 Et
1349 2421 1557 2463 dominus
1583 2434 1705 2476 papa
1740 2421 1853 2463 satis

233 2487 424 2541 benigne
466 2487 621 2529 volens
667 2488 898 2543 imponere
944 2490 1078 2532 finem
1126 2491 1275 2533 verbis
1318 2491 1455 2532 dixit:
1506 2492 1596 2534 Nos
1630 2491 1852 2543 volumus,

234 2558 354 2612 quod
385 2557 431 2599 in
465 2571 613 2609 causa,
649 2571 733 2612 que
765 2559 944 2601 ducitur
976 2560 1048 2602 1110
1080 2561 1256 2602 ratione
1288 2561 1398 2603 dicti
1428 2561 1670 2604 comitatus
1695 2565 1853 2604 contra

234 2628 464 2670 dominum
496 2627 714 2669 infantem
747 2629 943 2682 Petrum,
988 2632 1338 2685 supersedeatur
1368 2646 1511 2687 usque
1545 2633 1602 2673 ad
1634 2633 1852 2674 kalendas

234 2698 490 2752 Octobris2)
525 2700 567 2739 et
599 2700 862 2753 reputamus
895 2699 1082 2753 bonum,
1116 2702 1236 2756 quod
1267 2701 1433 2744 iterum
1465 2703 1740 2757 procedatur
1772 2716 1854 2757 per

234 2768 360 2811 illam
392 2769 513 2810 viam
547 2768 888 2824 compositionis
922 2769 1015 2811 sive
1049 2772 1285 2814 concordie
1308 2772 1460 2814 habite
1481 2772 1601 2814 inter
1622 2773 1853 2814 dominum

378 2898 402 2941 1)
430 2891 525 2931 Uber
557 2896 617 2930 das
648 2897 849 2940 Eingreifen
887 2897 947 2931 des
972 2898 1199 2933 Prokurators
1237 2903 1312 2944 sagt
1343 2900 1383 2934 B.
1422 2901 1463 2934 de
1489 2900 1596 2934 Jorba
1632 2901 1756 2935 nichts.
1807 2901 1854 2934 Er

233 2958 343 2990 nennt
366 2967 434 2990 nur
459 2956 542 2990 sich.

376 3015 402 3058 ²)
428 3015 468 3049 B.
495 3015 538 3048 de
563 3014 669 3048 Jorba
694 3016 783 3058 sagss:
812 3014 1024 3058 september.

376 3097 440 3124 Fin
449 3098 491 3124 ke
503 3118 508 3131 ‚
530 3098 603 3124 Acta
622 3097 828 3130 Aragoncnsia.
1668 3089 1711 3123 53
