2296 3512
829 240 1144 278 —771—

176 367 274 407 482.
310 364 670 409 Gesandtschaft
701 365 780 408 des
802 365 1164 409 Dominikaners
1185 367 1353 410 Petrus
1375 369 1576 410 Marsilii
1597 368 1692 411 und
1714 369 1794 411 des

176 436 312 478 miles
355 436 610 478 Fortunius
653 436 845 478 Martini
888 448 946 477 an
991 435 1200 480 Clemens
1232 439 1285 480 V.
1349 438 1465 480 1309
1505 437 1792 493 September.

317 505 348 540 1.
373 505 584 539 Informacic
610 505 826 540 nunciorum.
880 504 1108 549 Schilderung
1140 506 1203 540 der
1227 506 1533 551 Schwierigkeiten
1560 508 1613 542 bei
1638 509 1701 542 der
1724 509 1793 543 Be-

174 562 340 607 lagerung
366 563 544 598 Almerias.
594 563 659 597 Die
684 563 958 597 Muhamedaner
993 563 1117 598 wollen
1154 565 1213 598 ihn
1253 566 1314 599 auf
1351 566 1416 600 alle
1442 567 1561 601 WVeise
1592 567 1790 611 bekriegen.

174 621 246 655 Der
261 622 368 665 Papst
392 621 475 656 solle
501 621 715 666 schlennigst
740 622 782 655 de
808 624 976 666 oportuno
1000 624 1036 656 et
1053 622 1155 657 celeri
1174 624 1423 667 peccuniarum
1440 625 1590 660 subsidio
1610 626 1791 670 providere

174 681 234 713 fiir
258 680 311 714 die
336 679 554 724 Belagerung
584 681 655 714 und
681 691 742 724 pro
768 681 919 714 tenendo
945 681 1043 715 stolio
1069 682 1202 715 marino
1228 682 1264 716 in
1290 683 1410 727 stricto
1435 684 1709 728 Marrochitano,
1747 696 1791 719 ne

174 739 354 773 Sarraceni
378 739 516 773 Affrice
542 740 689 774 transire
715 739 853 774 valeant
878 740 920 773 ad
946 741 1062 783 partes
1088 740 1235 784 Ispanie.
1285 741 1358 775 Der
1383 741 1565 786 bewilligte
1585 743 1697 778 Zehnt
1721 755 1790 778 non

174 798 306 832 sufficit
330 799 372 832 ad
398 798 598 832 vicesimam
625 800 759 842 partem
786 809 1030 842 expensarum.
1080 800 1153 833 Der
1171 800 1283 844 Konig
1306 802 1425 834 miisse
1451 803 1564 835 castra
1588 802 1790 836 verkaufen.

314 856 370 891 Sic
395 856 503 891 sollen
529 858 700 891 decimam
725 857 935 901 duplicatam
961 858 1160 892 reddituum
1186 865 1220 892 et
1244 859 1373 893 iuriam
1399 859 1713 894 ecclesiasticorum
1730 862 1791 895 fiir

172 915 226 949 die
251 915 323 949 drei
350 915 559 961 bewilligten
581 916 688 950 Jahre
714 916 874 950 erbitten.

312 974 448 1009 Ebensc
473 975 585 1019 einige
612 975 766 1009 Gnaden.

312 1035 370 1076 Et
407 1035 446 1076 si
483 1035 570 1077 hiis
610 1035 742 1078 dictis
782 1069 790 1076 .
822 1070 830 1076 .
863 1069 872 1077 .
912 1035 1121 1079 dominus
1158 1049 1278 1090 papa
1317 1036 1569 1079 subsidium
1608 1037 1791 1093 aliquod

171 1118 261 1148 non
300 1106 563 1148 concederet
594 1106 682 1160 ipsi
714 1106 825 1161 regi,
864 1107 1001 1148 iidem
1042 1107 1195 1148 nuncii
1226 1107 1270 1148 in
1306 1106 1575 1150 consistorio
1719 1122 1795 1150 ex·

171 1179 344 1231 ponant
378 1176 455 1229 eis,
489 1178 622 1232 quod,
663 1177 702 1219 si
741 1178 910 1219 dictum
949 1177 1186 1233 negocium
1226 1177 1309 1220 Dei
1349 1180 1547 1220 cessaret
1578 1178 1649 1219 vel
1681 1179 1794 1221 reci—

170 1250 298 1301 peret
335 1247 677 1300 detrimentum,
721 1248 806 1290 hoc
847 1262 937 1291 non
978 1248 1259 1304 contingeret
1299 1248 1431 1303 culpa
1468 1249 1590 1304 regis
1629 1252 1698 1291 set
1735 1250 1791 1291 ob

172 1317 407 1360 deffectum
449 1319 607 1360 auxilii
646 1319 733 1361 sibi
771 1332 861 1361 non
901 1319 1081 1373 prestiti
1119 1332 1201 1373 per
1232 1319 1463 1362 dominum
1496 1333 1673 1374 papam.
1736 1321 1795 1362 Et

171 1401 305 1442 super
351 1390 438 1432 hiis
487 1390 630 1432 Deum
674 1390 720 1432 in
764 1392 927 1433 testem
971 1391 1226 1445 producant
1270 1392 1313 1432 et
1361 1390 1597 1445 collegium
1646 1391 1794 1433 cardi-

169 1459 339 1501 nalium
385 1463 429 1502 et
464 1460 666 1515 prelatos
706 1475 757 1503 ac
793 1461 1030 1503 universos
1064 1459 1234 1503 Christi
1265 1460 1478 1515 fideles.1)

309 1529 342 1564 2.
369 1533 442 1565 Aus
468 1531 530 1564 der
555 1532 714 1565 Antwort
739 1531 800 1565 des
825 1530 1004 1574 Papstes2)
1030 1542 1110 1565 vom
1136 1532 1167 1567 4.
1194 1531 1395 1565 November
1422 1530 1524 1566 1309.

310 1594 342 1631 a)
368 1589 577 1634 Duximus3)
604 1590 903 1634 respondendum,
930 1589 1094 1624 videlicet
1118 1590 1209 1634 quod
1235 1592 1378 1634 propter
1403 1589 1512 1624 multa
1537 1589 1712 1634 profluvia
1738 1601 1783 1625 ex

170 1658 372 1691 pensarum,
411 1659 495 1693 quas
526 1660 588 1693 pro
621 1649 824 1683 defensione
855 1650 1029 1682 terrarum
1055 1648 1217 1692 ecclesie,
1255 1659 1340 1693 quas
1367 1650 1582 1683 Venetorum
1607 1649 1792 1693 nephanda

168 1707 344 1742 temeritas
376 1707 445 1742 iam
476 1719 536 1752 pro
568 1719 695 1753 magna
719 1713 816 1752 palte
841 1711 1071 1752 occupaverat
1095 1708 1275 1751 violenter,
1301 1719 1437 1742 necnon
1456 1710 1491 1741 et
1506 1708 1673 1753 passagio,
1701 1710 1794 1753 quod

168 1776 231 1809 per
255 1766 397 1801 dilectos
422 1766 513 1801 filios
538 1767 741 1812 magistrum
768 1769 803 1801 et
827 1767 957 1801 fratres
975 1765 1163 1810 Hospitalis
1182 1766 1291 1800 sancti
1309 1766 1478 1800 Jchannis
1494 1766 1791 1801 Jherosolimitani

168 1825 367 1859 feceramus
402 1826 438 1859 in
476 1826 668 1860 subsidium
693 1827 796 1860 Terre
833 1828 951 1860 sancte
978 1826 1021 1859 ad
1046 1825 1326 1869 preparationem
1351 1825 1497 1869 passagii
1522 1824 1709 1869 generalis,
1747 1827 1793 1860 ad

170 1884 260 1928 quod
285 1889 402 1918 nostra
435 1886 585 1929 suspirat
615 1885 779 1928 intentio,
812 1885 1015 1919 defensione
1042 1895 1178 1928 quoque
1204 1884 1301 1928 regni
1327 1884 1422 1928 Cipri
1448 1887 1484 1918 et
1508 1883 1652 1918 aliarum
1679 1886 1789 1919 terra-

168 1954 263 1986 rum,
302 1955 387 1988 quas
418 1945 531 1979 adhuc
556 1946 677 1979 tenent
701 1945 736 1978 in
763 1944 918 1988 partibus
943 1943 1010 1978 illis
1036 1944 1122 1977 fidei
1148 1944 1302 1987 predicte
1328 1943 1478 1977 cultores
1504 1945 1540 1977 et
1563 1954 1606 1977 ne
1632 1945 1788 1988 perversi

169 2002 366 2045 Christiani,
392 2003 481 2037 sicut
504 2014 613 2048 usque
639 2014 731 2038 nunc
757 2004 926 2047 fecerant,
954 2003 1149 2037 defferrent
1173 2013 1270 2036 arma
1295 2004 1331 2036 et
1355 2001 1519 2036 victualia
1537 2003 1735 2037 sarracenis
1756 2006 1791 2037 et

168 2062 329 2105 predictis
354 2061 501 2097 inimicis
527 2062 611 2097 fidei
636 2062 894 2107 impugnandis:
921 2063 1006 2096 adeo
1032 2073 1169 2096 camere
1193 2064 1311 2096 nostre
1331 2063 1405 2096 erat
1423 2064 1607 2096 exaustum
1625 2063 1788 2106 erarium,

169 2121 256 2165 quod
284 2121 326 2154 de
351 2120 547 2154 huiusmodi
573 2119 735 2163 subsidio,
762 2120 852 2164 quod
877 2119 950 2163 tibi,
977 2120 1066 2154 sicut
1091 2119 1188 2154 novit
1212 2118 1281 2163 ille,
1308 2119 1365 2164 qui
1391 2120 1498 2153 nichil
1516 2115 1661 2164 ignorat,
1689 2121 1792 2155 exhi-

168 2180 330 2214 beremus
356 2178 544 2213 liberaliter
568 2180 603 2212 et
626 2178 784 2221 libenter,
811 2189 881 2212 non
906 2181 1105 2223 poteramus
1131 2178 1347 2223 aliquatenus
1373 2178 1558 2213 subvenire
1585 2207 1591 2213 .
1620 2209 1627 2216 ,
1655 2209 1663 2216 ,

309 2238 345 2282 b)
372 2238 553 2272 Petierunt
577 2238 717 2281 insuper
742 2238 853 2271 nuntii
880 2238 1071 2281 memorati,
1098 2239 1188 2282 quod
1211 2237 1283 2281 tibi,
1310 2240 1349 2272 ut
1377 2238 1535 2272 homines
1560 2238 1786 2273 ecclesiarum

167 2299 263 2342 regni
300 2297 350 2331 tui
388 2297 431 2331 ad
468 2296 660 2330 exercitum
698 2298 818 2330 contra
854 2297 963 2331 dictos
1001 2297 1159 2331 inimicos
1191 2297 1275 2331 fidei
1300 2297 1429 2331 habere
1456 2307 1574 2340 posses
1601 2299 1636 2331 et
1660 2298 1789 2332 ducere

166 2368 301 2391 necnon
333 2367 395 2400 per
418 2355 503 2389 illud
528 2358 681 2399 tempus,
716 2367 780 2399 per
805 2356 895 2400 quod
920 2356 1114 2400 simplicem
1146 2356 1208 2390 tibi
1232 2357 1443 2390 duxeramus
1469 2356 1638 2390 decimam
1664 2367 1790 2391 conce-

168 2416 326 2457 dendam,
354 2414 563 2458 duplicatam
588 2415 630 2448 de
655 2426 743 2449 novo
762 2415 942 2456 decimam,
969 2419 1004 2449 et
1019 2415 1274 2458 nichilominus,
1301 2416 1391 2459 quod
1410 2415 1539 2450 similes
1556 2415 1792 2460 indulgentias

166 2475 332 2519 magistro
370 2476 404 2508 et
441 2473 608 2507 tratribus
646 2473 851 2517 supradictis
883 2474 919 2507 in
943 2474 1034 2508 dicte
1058 2476 1151 2508 terre
1177 2474 1369 2508 subsidium
1395 2485 1458 2518 per
1482 2485 1545 2509 nos
1570 2475 1605 2508 in
1631 2475 1789 2520 passagio

166 2535 356 2568 memorato
382 2543 562 2567 concessas
587 2532 623 2565 in
648 2533 784 2576 negotio
809 2532 1043 2576 acquisitionis
1061 2533 1158 2577 regni
1178 2533 1324 2577 predicti
1341 2534 1531 2567 concedere
1551 2533 1785 2578 dignaremur.

166 2593 239 2628 Nos
276 2603 358 2626 vero
397 2603 475 2626 cum
507 2591 691 2633 fratribus,
731 2591 788 2635 qui
813 2593 994 2635 presentes
1020 2594 1119 2626 erant
1143 2592 1324 2626 nobiscum
1350 2594 1385 2626 et
1409 2592 1494 2635 aliis,
1521 2593 1579 2636 qui
1603 2593 1790 2627 Aujnionie

166 2654 249 2686 tunc
267 2651 432 2695 temporis
455 2648 713 2687 moi-abantur⁴}
730 2660 834 2693 super
851 2650 966 2694 petitis
983 2661 1046 2694 per
1062 2651 1154 2695 ipsos
1170 2651 1310 2685 nuntios
1328 2651 1468 2686 consilio
1487 2653 1522 2685 et
1539 2651 1787 2686 deliberatione-

310 2734 335 2778 1)
364 2734 444 2778 Reg.
471 2734 540 2768 344
565 2733 590 2767 f.
617 2732 696 2768 30V.

309 2792 335 2837 ²)
360 2793 442 2837 Leg.
468 2792 513 2827 ‘25
540 2791 602 2826 Nr.
629 2791 686 2825 21.

307 2851 333 2895 ³)
360 2851 580 2899 Vollst‘andig
598 2851 692 2894 gedr.
718 2849 924 2889 Benavides,
950 2849 1135 2884 Memorias
1152 2851 1194 2885 de
1212 2851 1396 2885 Fernando
1413 2851 1475 2884 IV.
1501 2850 1564 2884 Bd.
1585 2851 1629 2890 ΙΙ,
1650 2851 1715 2886 701
1735 2851 1782 2887 ff.

306 2910 334 2952 4)
360 2911 450 2946 CRD
470 2910 604 2945 12958:
631 2909 821 2953 Collegium
845 2908 1071 2943 cardinalium
1087 2909 1206 2952 paucis
1222 2909 1378 2954 exceptis
1397 2910 1434 2943 in
1451 2909 1591 2944 civitate
1608 2909 1785 2944 Aninione

166 2974 317 3007 manent.
366 2969 486 3014 (1309)
512 2969 661 3004 October
685 2969 740 3003 25.
791 2968 834 3002 So
858 2967 1024 3002 Kardinal
1049 2968 1215 3012 Landulf,
1247 2969 1309 3002 der
1335 2969 1520 3011 berichtet,
1553 2969 1632 3002 dass
1658 2968 1786 3002 Petrus

166 3028 312 3064 Marcilii
338 3029 406 3063 den
430 3028 535 3072 Papst
561 3029 596 3062 in
619 3025 821 3062 Malaucene
846 3026 1024 3071 getroffen
1049 3026 1148 3061 habe.

1573 3085 1637 3120 49*
