2296 3512
1071 205 1386 244 *912—

420 332 693 388 prelibatum
729 331 917 374 accessit
950 334 993 372 et
1027 345 1077 373 eo
1109 334 1316 386 presente
1350 336 1393 373 et
1426 331 1682 386 requirente
1711 332 1898 387 reliquie
1923 331 2036 375 eius—

421 404 520 445 dem
569 402 715 445 sancti
762 403 814 443 de
854 402 974 443 dicta
1007 403 1163 443 tumba
1194 401 1373 456 lapidea
1405 401 1636 444 humiliter
1669 415 1720 444 ac
1753 403 1911 444 devote
1947 402 2036 443 fue-

419 476 526 514 runt
559 476 757 514 extracte
792 476 835 514 et
866 472 911 513 in
946 473 1140 527 quodam
1167 472 1317 527 lignea
1339 473 1469 514 techa
1492 473 1720 514 recondite
1744 485 1844 513 cum
1866 472 2036 527 pulcris

421 543 661 585 sudaribus
707 548 750 585 et
795 544 985 585 adducte
1029 557 1165 598 super
1202 543 1352 598 ipsum
1385 543 1592 598 spiritum
1632 543 1927 595 immundum,
1962 543 2038 597 qui

421 614 586 656 acriter
633 614 825 656 ululavit
858 627 908 655 ac
940 613 1120 656 fortiter
1153 614 1377 655 clamavit.
1442 614 1702 668 Requisitus
1736 627 1762 655 a
1794 613 1925 655 dictis
1947 614 2038 655 fra-

421 684 580 735 tribus,
615 698 754 739 quare
786 685 868 726 hoc
903 686 1084 735 taceret,
1119 684 1244 735 dixit,
1280 686 1399 740 quod
1433 684 1627 726 animam
1664 684 1859 726 eiusdem
1894 683 2039 726 sancti

420 755 527 797 Albi
568 756 749 797 videbat
791 755 1039 797 venientem
1083 759 1125 796 et
1164 769 1262 796 eain
1297 755 1594 798 associantem
1629 758 1836 797 sanctum
1871 755 2039 796 Micha-

420 825 565 867 helem
618 826 939 886 archangelum
993 829 1036 867 et
1089 827 1269 867 beatum
1321 826 1502 867 Petrum
1567 840 1616 867 ac
1662 825 2039 880 gloriosissimum

421 895 591 939 Christi
638 896 872 938 martirem
921 896 1243 952 Cueuphatffln,
1294 896 1369 951 qui
1416 911 1569 939 omnes
1622 897 1773 938 divino
1825 899 2038 951 precepto

420 968 626 1009 recedere
661 981 760 1009 eum
809 967 1137 1022 compellebant
1183 981 1205 1009 a
1253 981 1440 1022 corpore
1479 968 1693 1010 mulieris.
1758 967 1857 1009 Hoc
1889 967 2037 1018 modo,

421 1038 571 1079 divina
606 1038 917 1081 misericordia
950 1038 1200 1094 inspirante
1235 1052 1285 1080 ac
1313 1038 1587 1093 supradictis
1611 1038 1910 1093 presentibus,
1943 1037 2038 1079 fue-

420 1111 527 1150 runt
567 1109 747 1151 invente
789 1109 978 1163 reliquie
1023 1109 1227 1165 corporis
1260 1109 1407 1151 sancti
1438 1109 1557 1151 Albi.
1620 1110 1728 1151 Post
1759 1110 1838 1150 hec
1874 1112 2038 1159 autem,

420 1179 601 1222 domino
646 1180 956 1223 illustrissimo
1001 1194 1106 1234 rege
1151 1182 1399 1232 recedente,
1445 1180 1633 1235 spiritus
1676 1179 1902 1235 malignus
1954 1178 2039 1221 fuit

421 1251 656 1306 sepissime
700 1265 782 1306 per
828 1265 1041 1293 monacos
1070 1250 1316 1293 'adiuratus
1350 1265 1430 1306 per
1462 1251 1676 1292 virtutem
1712 1250 1906 1293 eiusdem
1943 1263 2039 1291 cor-

419 1322 544 1376 poris
568 1321 864 1375 santisshnib)
893 1321 1011 1373 Albi„
1040 1325 1083 1363 et
1117 1335 1215 1363 cum
1251 1322 1445 1363 fratrum
1480 1321 1787 1363 adiurationes
1811 1325 2039 1375 contemp-

419 1396 546 1434 neret
578 1398 767 1448 propter
798 1406 927 1435 suam
960 1392 1187 1434 maliciam
1211 1393 1304 1434 sive
1329 1406 1483 1435 eorum
1510 1392 1806 1447 fragilitatem
1831 1395 1874 1433 et
1894 1391 2039 1447 indig-

419 1463 622 1515 nitatem,
655 1463 745 1518 ipsi
776 1464 986 1505 monachi
1018 1465 1297 1518 suspendunt
1331 1464 1387 1504 ad
1421 1463 1583 1505 collum
1619 1463 1712 1505 eius
1745 1476 1794 1505 os
1823 1461 2039 1517 parvissi-

420 1547 542 1575 mum
577 1533 775 1576 eiusdem
810 1534 1012 1589 corpsn‘is
1046 1534 1297 1577 santissimi
1328 1534 1435 1575 Albi
1468 1537 1510 1575 et
1543 1533 1697 1575 statim
1738 1533 1926 1589 spiritus
1974 1533 2040 1574 in-

417 1606 614 1647 mundus
637 1605 838 1659 graviter
859 1605 1052 1646 ululavit
1075 1619 1125 1647 ac
1149 1605 1375 1657 clamavit,
1401 1605 1566 1655 dicens7
1592 1606 1711 1659 quod
1735 1604 1929 1660 amplius
1952 1616 2041 1645 non

420 1680 601 1730 poterat
633 1675 678 1717 111
712 1689 901 1731 corpore
933 1675 1137 1717 mulieris
1170 1689 1435 1731 permanere
1469 1689 1548 1717 nec
1580 1688 1670 1716 una
1703 1688 1803 1716 cum
1835 1674 2039 1729 reliquiis

421 1746 527 1787 dicti
561 1746 680 1789 santi
711 1747 819 1788 Albi
852 1747 897 1788 in
931 1747 1086 1789 eodem
1134 1760 1321 1802 corpore
1360 1751 1503 1798 stare,
1550 1749 1592 1788 et
1624 1746 1670 1787 in
1703 1745 1950 1788 continenti
1984 1746 2038 1786 ab

420 1830 473 1858 ea
504 1818 705 1869 recessit,
747 1817 927 1859 mulieri
968 1820 1117 1859 mente
1159 1831 1269 1860 sana
1316 1831 1367 1859 ac
1406 1830 1594 1872 corpore
1626 1818 1901 1867 remanente,
1934 1819 2041 1857 tunc

421 1891 464 1930 et
496 1903 625 1940 nunc,
661 1894 704 1930 et
737 1888 916 1943 gracias
935 1890 1030 1930 Deo
1065 1902 1086 1929 e
1120 1888 1321 1942 stati1110)
1358 1892 1518 1943 agente
1551 1893 1593 1929 et
1627 1887 1888 1929 santissimo
1906 1887 2039 1928 Albo.

560 1970 660 2005 CRD.
687 1970 756 2005 220
783 1970 1016 2015 Gleichzeitig.
1044 1971 1201 2006 Ausiert.
1227 1971 1310 2014 Pap.
1341 1969 1519 2004 Schmaler
1544 1969 1709 2003 Streiien.

420 2103 516 2143 586.
567 2102 727 2156 31111119
748 2103 815 2143 Π.
859 2101 1109 2155 119111111691,
1157 2102 1261 2143 (lass
1309 2103 1408 2143 sein
1456 2101 1733 2143 Kammerer
1769 2100 1947 2142 Arnald
1985 2099 2041 2142 do

418 2173 641 2226 Reposito
664 2183 743 2214 aus
766 2173 849 2214 der
864 2171 1167 2225 koniglichen
1186 2171 1564 2215 Sohatzkammer
1579 2172 1748 2225 Τ119119,
1770 2171 2042 2224 vergoldete

414 2242 610 2297 Sporeu,
628 2244 814 2295 Messer,
833 2242 1125 2295 Geldbeutel‚
1144 2243 1375 2296 gestiokte
1386 2242 1610 2295 Heinden,
1628 2243 1827 2294 Β1191191,
1844 2242 2040 2294 lii-euzo,

418 2314 598 2356 Becher
641 2326 699 2355 1111
743 2313 1018 2356 Verwandte
1062 2313 1140 2355 des
1188 2312 1368 2366 Kiinigs
1413 2312 1694 2367 (Gemahlin‚
1733 2313 1922 2365 Mutter,
1967 2313 2041 2354 die

418 2383 572 2427 Siihne
604 2384 687 2426 der
718 2383 926 2437 Konigin
962 2396 1046 2425 von
1078 2384 1246 2438 Neapel
1278 2384 1371 2426 und
1398 2384 1653 2437 Mallorca),
1687 2383 2041 2436 aragonesische

418 2455 532 2497 Edle
575 2455 669 2496 und
701 2455 954 2497 Vertraute
986 2455 1058 2507 (A.
1097 2467 1182 2497 von
1213 2455 1476 2507 villanova)
1516 2466 1624 2496 usw.
1658 2454 1913 2507 geschenkt
1944 2454 2040 2495 hat.

1080 2524 1198 2579 (Mai
1233 2525 1388 2580 1300).

559 2621 651 2662 Nos
691 2619 889 2661 Jacobus
931 2625 1010 2660 etc.
1058 2624 1212 2661 tenore
1259 2619 1480 2673 presentis
1524 2619 1730 2661 albarani
1768 2618 1965 2660 fatemur
1998 2621 2041 2659 et

418 2690 783 2745 recognoscimus
818 2704 896 2732 vos
928 2689 1104 2731 fidelem
1139 2693 1182 2731 et
1216 2689 1489 2731 familiarem
1525 2690 1776 2731 Arnaldum
1811 2691 1864 2731 de
1895 2690 2038 2742 Repo-

419 2761 506 2803 sito
540 2762 593 2803 de
627 2774 806 2803 camera
832 2763 990 2803 nostra
1017 2761 1192 2803 dedisse
1216 2764 1259 2802 et
1282 2760 1525 2803 tradidisse
1548 2761 1601 2802 de
1623 2760 1856 2802 voluntate
1882 2762 2040 2802 nostra

419 2834 463 2873 et
503 2833 718 2874 mandato
759 2835 916 2874 nostro
958 2831 1165 2886 personis
1205 2831 1324 2873 infra
1366 2831 1548 2886 scriptis
1591 2832 1644 2873 de
1677 2832 1812 2873 rebus
1846 2835 1889 2871 et
1920 2830 2039 2872 ioca-

418 2901 536 2944 libus
579 2916 715 2957 penes
755 2915 836 2945 vos
880 2902 1177 2944 existentibus
1222 2915 1303 2957 per
1334 2916 1416 2944 nos
1450 2902 1520 2943 vel
1554 2901 1751 2957 aliquem
1782 2900 1961 2943 nomine
2001 2919 2019 2936 ιλ

560 2984 592 3027 b)
618 2983 661 3017 So
687 2985 786 3018 Ausi.
817 2984 950 3018 immer.
1089 2991 1116 3025 C)
1143 2983 1186 3017 So
1213 2984 1313 3017 Ausi.
