2296 3512
983 276 1302 316 —894—

329 404 459 446 dictis
498 403 681 459 scriptis
713 402 890 458 plenius
925 402 1192 444 continetur.
1257 403 1363 454 Nos,
1396 401 1596 457 inquam,
1631 402 1712 444 hec
1744 402 1948 444 videntes

326 475 515 517 nimium
548 474 784 530 provocati
807 474 864 515 ad
895 473 1012 514 iram
1045 472 1288 528 stupefacti
1321 486 1372 514 ac
1404 473 1692 514 vehementer
1724 472 1950 515 stimulati

327 546 493 588 fuimus
533 544 765 587 audientes
808 547 851 585 et
896 543 1099 585 videntes
1137 557 1233 585 rem
1265 556 1497 598 nunquam
1529 543 1576 584 111
1607 543 1738 585 nobis
1771 542 1950 598 excogi-

328 613 473 652 tatam
516 623 660 664 neque
707 622 788 664 per
821 620 1100 663 consequens
1147 608 1330 660 dictam,
1380 621 1480 649 cum
1528 620 1759 662 nunquam
1814 607 1950 649 etiam

328 694 464 735 super
494 680 662 722 talibus
697 692 796 720 cum
831 679 952 721 dicto
985 678 1207 734 magistro
1239 678 1444 720 Arnaldo
1476 691 1557 719 nec
1591 691 1690 720 cum
1724 678 1812 720 alio
1848 691 1952 720 con-

327 751 578 802 tulerimus,
624 753 673 792 ut
714 749 976 805 predicitur,
1022 748 1093 791 die
1135 748 1287 804 aliquo
1330 748 1421 790 vite
1459 752 1626 791 nostre.
1690 750 1781 791 Nec
1814 749 1951 790 etiam

329 835 483 863 verum
516 820 613 871 fuit,
649 821 768 876 quod
800 834 882 863 nos
915 819 1173 875 sompnium
1203 820 1457 875 predictum
1481 819 1720 862 fecerimus
1746 833 1827 861 nec
1850 833 1952 861 cum

329 893 448 935 dicto
490 891 711 946 magistro
752 894 1077 946 consequenter
1118 891 1265 946 loquti
1302 889 1521 932 fuerimus
1552 889 1599 932 in
1633 890 1783 946 aliquo
1816 904 1955 946 super

329 976 392 1005 eo.
455 964 555 1005 Non
589 962 705 1004 enim
739 961 957 1016 placitum
991 961 1051 1003 sit
1084 965 1187 1003 ante
1216 960 1343 1003 illum
1373 974 1526 1016 regem
1554 975 1726 1017 regum,
1762 961 1838 1017 qui
1868 974 1951 1005 nos

328 1047 518 1089 regnare
550 1033 660 1075 facit
693 1036 736 1074 et
767 1033 939 1084 vivere,
984 1033 1103 1087 quod
1135 1032 1182 1074 in
1215 1032 1308 1074 suis
1342 1031 1511 1074 sanctis
1545 1031 1790 1087 evangeliis
1824 1032 1953 1074 dubi-

327 1099 551 1141 tacionem
584 1098 784 1153 aliquam
817 1097 1108 1139 habuerimus
1141 1110 1223 1139 nec
1243 1097 1476 1143 habemus,
1513 1099 1556 1138 et
1578 1096 1715 1139 sicuti
1737 1097 1791 1138 de
1818 1096 1949 1139 nobis

328 1169 515 1221 scimus,
568 1168 632 1212 sic
685 1169 737 1210 de
790 1168 911 1210 dicto
958 1181 1064 1223 rege
1111 1167 1348 1209 Frederico
1402 1167 1544 1209 fratre
1592 1172 1768 1219 nostro,
1818 1181 1950 1224 quem

326 1239 584 1282 firmissime
623 1239 845 1281 credimus
879 1239 1151 1281 catholicum
1192 1238 1455 1293 principem,
1499 1239 1554 1280 ab
1594 1237 1679 1280 hoc
1720 1237 1948 1280 insontem

328 1310 691 1353 indubitabiliter
714 1309 1005 1352 arbitramur.
1051 1309 1307 1350 Mirandum
1332 1309 1396 1351 sic
1421 1312 1488 1351 est
1511 1309 1564 1350 de
1588 1308 1707 1351 dicto
1729 1309 1954 1364 magistro

329 1381 546 1432 Arnaldo,
581 1394 681 1422 cum
713 1384 891 1422 tantum
918 1380 1202 1422 mendacium
1231 1379 1397 1421 dixerit
1424 1383 1581 1421 contra
1607 1392 1689 1421 nos
1717 1383 1759 1421 et
1782 1379 1952 1421 dictum

328 1452 516 1494 fratrem
549 1455 768 1494 nostrum.
832 1450 921 1503 Qui
954 1451 1089 1492 etiam
1122 1450 1343 1505 magister
1375 1450 1495 1491 circa
1526 1449 1613 1492 hoc
1651 1449 1831 1492 comisit
1869 1450 1949 1491 tri-

329 1517 491 1573 plicem
524 1516 786 1569 falsitatem,
819 1516 966 1571 primo
991 1515 1094 1571 quia
1119 1529 1200 1557 nos
1224 1515 1270 1557 in
1294 1514 1539 1570 evangeliis
1560 1515 1800 1570 proposuit
1827 1514 1953 1556 dubi-

328 1592 464 1639 tasse,
500 1588 619 1642 quod
650 1600 882 1641 nunquam
914 1586 959 1628 in
993 1600 1070 1628 cor
1102 1589 1309 1628 nostrum
1340 1585 1555 1628 ascendit.
1620 1584 1823 1628 Secundo
1848 1585 1956 1640 quia

331 1658 499 1700 dictum
535 1658 790 1713 sompnium
830 1670 912 1699 nos
945 1656 1104 1699 fecisse
1139 1660 1182 1698 et
1214 1656 1301 1697 sibi
1333 1656 1542 1698 retulisse
1575 1655 1784 1708 asseruit,
1819 1656 1952 1711 quod,

329 1732 379 1771 ut
411 1728 704 1785 prediximus,
738 1741 969 1783 nunquam
1001 1728 1189 1770 fecimus
1222 1740 1301 1769 nec
1339 1741 1491 1770 secum
1527 1726 1697 1782 aliquid
1731 1740 1867 1782 super
1899 1740 1952 1769 eo

331 1800 615 1842 contulimus.
679 1799 835 1841 Tercio
870 1799 975 1854 quia
997 1798 1128 1841 nobis
1162 1812 1276 1850 eum,
1310 1805 1359 1840 ut
1389 1811 1529 1853 supra
1553 1797 1781 1851 scribitur,
1814 1798 1952 1839 inter-

330 1871 618 1926 rogantibus,
662 1884 718 1911 an
754 1870 962 1921 dixisset,
1009 1883 1055 1912 se
1104 1869 1286 1921 dixisse,
1318 1872 1368 1910 ut
1414 1868 1725 1924 prescribitur,
1771 1868 1954 1910 omnino

331 1936 525 1991 negavit.
590 1934 728 1978 Cuius
761 1934 826 1976 rei
859 1934 1137 1977 contrarium
1169 1948 1250 1989 per
1273 1934 1440 1976 dictam
1471 1933 1746 1988 scripturam
1770 1946 1796 1974 a
1825 1946 1955 1976 sanc-

329 2006 461 2048 titate
494 2009 647 2048 vestra
678 2006 808 2048 nobis
840 2005 1028 2048 missam
1071 2009 1113 2046 et
1150 2005 1281 2047 nobis
1316 2008 1358 2046 et
1391 2003 1550 2059 cuique
1581 2003 1775 2045 intuenti
1808 2003 1952 2045 mani-

331 2076 497 2119 festum
531 2080 611 2128 est,
644 2090 727 2132 pro
772 2077 948 2131 quibus,
990 2076 1028 2118 si
1067 2075 1274 2130 diligenti
1313 2073 1678 2116 consideracione
1713 2074 1812 2129 quis
1846 2074 1955 2116 velit

334 2149 580 2199 attendere,
614 2147 758 2189 dictus
790 2147 1011 2202 magister
1032 2145 1262 2188 Arnaldus
1285 2145 1478 2187 mendax
1501 2145 1722 2200 probatus
1746 2144 1954 2197 efficitur,

334 2213 444 2254 adeo
479 2213 597 2267 quod
630 2212 839 2266 deinceps
880 2224 1024 2266 neque
1056 2223 1138 2252 nos
1176 2223 1320 2265 neque
1354 2209 1444 2251 alia
1483 2223 1679 2265 persona
1709 2209 1956 2253 laudabilis

334 2296 434 2324 eum
475 2283 641 2324 habere
681 2283 813 2324 debet
854 2280 1126 2323 familiarem
1166 2294 1311 2335 neque
1353 2280 1439 2323 sibi
1483 2279 1694 2323 exhibere
1739 2279 1953 2322 favorem.

332 2354 427 2396 Hec
474 2353 615 2408 igitur
666 2352 1027 2394 reverentissime
1077 2351 1311 2394 sanctitati
1361 2354 1507 2392 vestre
1553 2351 1617 2393 sic
1664 2351 1799 2406 longo
1848 2350 1953 2393 stilo

335 2423 644 2474 describimus,
678 2426 728 2465 ut
761 2423 881 2478 apud
915 2435 1013 2463 eam
1042 2421 1367 2477 premissorum
1400 2421 1570 2464 veritas
1594 2421 1760 2464 clarius
1787 2421 1954 2463 eluces-

336 2498 420 2536 cat.
492 2493 807 2549 Supplicantes
848 2492 1095 2545 humiliter,
1128 2495 1192 2544 ut,
1226 2491 1358 2534 sicuti
1396 2492 1515 2534 dicta
1547 2491 1800 2547 propositio
1833 2491 1955 2533 facta

334 2560 450 2602 falso
484 2563 528 2600 et
557 2558 835 2600 mendaciter
866 2571 948 2613 per
970 2557 1138 2599 dictum
1160 2557 1432 2613 magist-rum
1453 2557 1708 2599 Arnaldum
1730 2555 1816 2598 fuit
1836 2556 1955 2598 lecta

334 2630 380 2672 in
413 2629 696 2681 consistorio,
742 2629 805 2671 sic
846 2629 927 2670 hec
969 2631 1126 2670 nostra
1170 2627 1325 2669 littera
1364 2628 1411 2669 in
1456 2627 1724 2670 consistorio
1763 2626 1955 2670 assimili

334 2700 608 2757 perlegatur.
673 2699 761 2751 Qui
801 2702 962 2741 cuncta
1002 2698 1216 2754 disponit,
1258 2711 1499 2754 personam
1542 2702 1742 2740 vestram
1788 2697 1953 2740 beatis-

336 2772 498 2813 simam
532 2772 588 2813 ad
621 2784 699 2813 sue
731 2773 885 2813 sancte
922 2769 1105 2812 ecclesie
1138 2772 1373 2812 conservet
1412 2769 1603 2811 servicia
1634 2782 1715 2824 per
1746 2771 1954 2824 tempora

335 2841 555 2897 longiora.
619 2842 722 2883 Dat.
765 2840 1048 2882 Barchinone
1099 2839 1318 2882 kalendas
1363 2839 1574 2882 Octobris
1619 2852 1736 2881 anno
1779 2838 1952 2881 domini

335 2912 575 2955 millesimo
609 2910 755 2955 CCCO.
792 2911 976 2954 decimo.

483 2983 742 3025 Bernardus
781 2983 834 3024 de
874 2983 1108 3023 Auersone
1148 2982 1364 3023 mandato
1411 2980 1546 3035 regis,
1591 2979 1662 3022 cui
1705 2979 1792 3021 fuit
1836 2979 1954 3021 lecta

339 3056 382 3095 et
415 3053 491 3108 qui
521 3052 567 3094 in
599 3055 730 3107 parte
762 3052 959 3095 correxit
991 3064 1102 3093 eam.
