2296 3512
1068 285 1386 325 —796—

415 411 601 465 speciali
618 412 833 454 mandato
852 411 1128 454 sanctissimi
1149 411 1294 466 patris
1314 411 1484 453 domini
1500 412 1660 464 nostri,
1683 412 1854 455 domini
1875 413 2041 455 summi

414 481 641 536 pontificis
672 482 894 524 retinetur
928 485 970 524 et
1004 483 1125 538 quod
1156 482 1275 525 idem
1309 482 1516 524 dominus
1549 482 1691 536 ipsius
1724 482 1881 525 fratris
1904 496 2039 537 nego-

414 552 527 594 tium
569 552 827 607 specialiter
871 553 997 595 cordi
1034 553 1186 606 habet,
1227 553 1294 594 ita
1333 554 1453 608 quod
1493 553 1638 595 visum
1679 556 1747 596 est
1787 553 1917 596 nobis
1955 566 2040 608 pro

413 622 590 665 meliori
638 623 837 665 eiusdem
884 623 1043 665 fratris
1087 625 1380 678 supersedere
1430 636 1456 665 a
1499 623 1725 678 loquendo
1774 638 1908 679 super
1955 624 2041 666 hoc

413 693 595 735 domino
628 694 889 748 supradicto
922 707 1005 748 pro
1040 707 1105 746 eo,
1140 694 1248 750 quia
1280 694 1435 748 culpas
1468 693 1613 748 ipsius
1647 707 1809 749 graves
1841 696 2039 748 reputat.

412 763 470 805 Et
511 764 549 807 si
592 777 645 806 ex
691 764 963 807 allocutione
1003 765 1263 807 huiusmodi
1306 764 1475 806 dictum
1518 765 1765 819 negotium,
1814 766 1934 820 quod
1982 765 2039 807 ad

411 847 598 888 presens
630 834 811 877 videtur
844 835 1061 890 quiscere,
1096 837 1152 877 ad
1185 834 1452 877 memoriam
1485 835 1594 876 dicti
1617 835 1786 877 domini
1818 836 2038 877 redduca-

412 908 500 958 tur,
532 906 701 960 poterit
732 906 779 947 in
810 919 1027 961 magnum
1052 906 1303 960 periculum
1326 906 1470 960 ipsius
1493 905 1652 948 fratris
1686 909 1729 947 et
1752 906 2038 960 dispendium

410 977 678 1029 redundare,
729 979 916 1031 propter
949 991 1034 1033 que
1068 977 1122 1018 ab
1157 975 1415 1019 huiusmodi
1448 976 1670 1030 peticione
1702 977 2041 1031 supersedimus

412 1047 468 1089 ad
490 1060 676 1102 presens
708 1061 790 1102 pro
823 1048 993 1089 honore
1020 1051 1172 1090 vestro
1196 1051 1239 1089 et
1272 1048 1459 1089 comodo
1494 1046 1602 1089 dicti
1624 1046 1784 1090 fratris
1820 1081 1827 1089 .
1854 1081 1862 1089 .
1888 1082 1896 1089 .
1930 1047 2037 1089 Dat.

409 1117 635 1160 Auinione
669 1119 739 1160 die
770 1119 851 1160 ΠΙ.
885 1118 1054 1161 mensis
1086 1118 1297 1173 Augusti.

551 1199 641 1235 CRD
662 1200 792 1236 12213.
831 1200 887 1236 Or.
906 1200 989 1243 Pap.
1008 1200 1083 1243 Ssp.
1126 1199 1191 1234 Mit
1209 1199 1340 1233 diesem
1358 1199 1551 1233 Schreiben
1569 1199 1676 1244 hangt
1693 1199 1958 1233 unzweifelhaft
1977 1211 2040 1234 zu-

409 1259 566 1293 sammen
584 1259 647 1293 der
664 1259 826 1303 folgende
844 1259 944 1293 Brief
964 1259 1024 1293 des
1042 1259 1086 1292 fr.
1107 1258 1218 1293 Guido
1237 1269 1290 1302 ep.
1308 1258 1548 1293 Maioricensis
1566 1269 1610 1293 an
1628 1259 1694 1292 den
1713 1258 1837 1303 Konig,
1865 1259 1926 1292 der
1944 1258 2035 1294 CRD

407 1317 479 1351 Juli
496 1317 589 1362 liegt,
607 1318 679 1352 und
697 1318 770 1361 der,
790 1318 832 1352 da
850 1318 959 1352 Guido
976 1317 1064 1352 1321
1085 1320 1235 1351 ernannt
1248 1317 1303 1360 ist,
1318 1317 1408 1351 nach
1423 1317 1537 1352 dieser
1551 1318 1625 1352 Zeit
1637 1318 1709 1351 und
1723 1317 1811 1352 nach
1827 1317 1906 1351 dem
1920 1319 2038 1351 ersten

407 1376 515 1411 Jahre
554 1377 671 1411 seiner
698 1376 899 1421 Regierung
923 1376 1033 1410 fallen
1057 1387 1164 1410 muss
1215 1376 1420 1411 Serenitatis
1449 1379 1566 1410 vestre
1592 1376 1726 1410 litteras
1751 1378 1956 1411 reverenter
1981 1387 2039 1410 re-

409 1435 504 1479 cepi,
530 1435 693 1480 piinceps
717 1435 989 1480 preclarissime,
1023 1436 1186 1479 quatinus
1211 1435 1253 1469 ad
1280 1435 1541 1478 expedicionem
1566 1435 1700 1480 negocii
1724 1435 1843 1470 fratn's
1868 1435 2038 1470 Bernardi

407 1494 567 1537 Fusterii,
594 1495 666 1528 ord.
682 1495 726 1531 fr,
742 1495 928 1537 Minorum,
955 1494 1046 1538 capti
1064 1494 1101 1528 in
1124 1494 1211 1528 meis
1229 1494 1426 1528 carceribus
1443 1495 1534 1538 apud
1551 1494 1742 1537 Maioricas,
1769 1494 2040 1538 procederemus

407 1563 447 1586 ac
474 1553 516 1586 ad
542 1552 787 1587 liberacionem
814 1554 921 1597 ipsius
946 1564 966 1587 a
985 1564 1125 1588 carc-ere
1152 1553 1359 1597 supradicto.
1395 1554 1538 1593 Verum,
1558 1552 1639 1587 licet
1656 1553 1899 1596 intellexerim,
1926 1553 2036 1588 domi-

406 1611 542 1646 nacioni
569 1615 684 1646 vestre
711 1613 821 1647 fuisse
846 1613 1055 1655 intimatum,
1083 1613 1173 1656 quod
1199 1612 1331 1646 dictum
1349 1613 1532 1656 negocium
1552 1612 1628 1646 leve
1652 1614 1714 1657 est⁷
1740 1614 1859 1656 utpote
1888 1612 2038 1647 faciliter

407 1671 561 1714 expediri
572 1673 619 1715 a),
657 1673 808 1705 vestram
833 1674 948 1705 tamen
977 1671 1219 1705 celsitudinem
1244 1671 1333 1705 scire
1360 1671 1454 1712 volo,
1486 1672 1577 1715 quod
1603 1672 1734 1705 dictum
1759 1671 1942 1715 negocium
1966 1682 2038 1705 non

407 1732 459 1763 est
492 1730 540 1763 ita
570 1729 648 1764 leve
679 1741 744 1765 nec
776 1741 838 1774 per
869 1741 925 1764 me
951 1732 1065 1774 potest
1090 1730 1257 1774 expediri.
1307 1730 1418 1764 Multa
1443 1731 1536 1764 enim
1563 1733 1724 1774 suspecta
1748 1731 1790 1764 de
1815 1730 1930 1764 heresi
1955 1732 2037 1764 sunt

406 1787 464 1822 ibi.
515 1789 558 1823 Et
584 1800 627 1823 ex
654 1800 693 1823 eo
721 1790 801 1833 quia
821 1800 910 1824 anno
928 1789 1105 1834 preterito,
1132 1789 1359 1833 inquisicione
1377 1790 1472 1824 facta
1487 1790 1529 1823 de
1555 1789 1720 1833 predictis
1737 1789 1827 1833 apud
1843 1789 2034 1827 Maioricas,

406 1848 603 1882 necessario
635 1847 740 1882 habui
771 1849 896 1882 mitere
922 1859 1123 1892 processum
1150 1848 1192 1882 ad
1218 1848 1397 1882 dominum
1422 1859 1557 1892 papam,
1585 1852 1714 1882 extunc
1739 1859 1809 1882 non
1834 1849 1930 1892 potui
1955 1859 2036 1892 pro-

406 1906 531 1940 cedere
557 1906 593 1940 in
619 1907 710 1941 dicto
736 1908 890 1951 negocio.
930 1907 1019 1943 Cum
1044 1909 1162 1941 autem
1188 1907 1324 1949 11111110Ἱ
1352 1907 1480 1951 pluries
1499 1910 1532 1941 et
1551 1907 1690 1951 pluries.
1717 1909 1879 1951 presente
1896 1908 2036 1941 domino

405 1965 651 2000 archidiacono
677 1966 856 2000 Darroche
892 1967 962 2000 huc
993 1977 1055 2011 per
1087 1965 1328 2000 celsitudinem
1362 1969 1516 2000 vestram
1542 1966 1776 2000 ambaxiatore
1802 1966 1972 2000 destinato
2000 1969 2035 2000 et

405 2023 480 2067 ipso
507 2024 611 2058 etiam
637 2024 790 2067 absente,
817 2025 1009 2069 supplicavi
1035 2025 1282 2059 instantissime
1308 2025 1446 2060 domino
1472 2036 1570 2069 pape,
1597 2026 1688 2069 quod
1713 2025 1752 2059 ad
1773 2025 2034 2069 expedicionem

405 2083 606 2127 dignaretur
623 2084 810 2127 procedere
827 2085 961 2128 negocii
980 2084 1171 2128 supradicti
1189 2084 1245 2118 vel
1262 2085 1327 2118 hec
1345 2085 1573 2119 commiteret.
1612 2085 1665 2118 Ad
1683 2085 1774 2128 quod
1787 2084 2034 2128 respondebat:

403 2141 603 2185 Faciemus,
643 2143 830 2187 faciemus,
870 2154 935 2178 nec
966 2143 1057 2177 aliud
1083 2143 1179 2187 potui
1205 2143 1362 2177 obtinere
1390 2171 1396 2177 .
1425 2171 1432 2177 .
1461 2170 1468 2177 .
1518 2143 1570 2177 De
1596 2143 1662 2177 hoc
1688 2143 1793 2177 etiam
1819 2144 2034 2187 scripserunt

404 2201 509 2235 michi
548 2201 695 2245 preclari
733 2212 772 2236 ac
810 2202 919 2236 incliti
957 2202 1112 2237 infantes
1158 2203 1264 2236 vestri
1298 2202 1458 2236 dominus
1489 2213 1588 2236 meus
1613 2202 1782 2237 Alfonsus
1813 2204 1849 2236 et
1873 2202 2035 2236 dominus

404 2259 533 2294 Petrus
559 2263 595 2294 et
619 2260 723 2305 aliqui
749 2260 879 2294 domini
905 2261 1111 2303 cardinales,
1138 2261 1221 2295 dum
1247 2272 1359 2295 essem
1378 2261 1561 2296 Maioricis.
1590 2261 1666 2296 Nec
1683 2260 1774 2295 aliud
1792 2261 1886 2305 potui
1903 2262 2032 2302 facere,

405 2329 485 2353 cum
510 2318 613 2363 ligate
639 2319 709 2353 sint
732 2329 857 2354 manus
883 2331 960 2354 mee
986 2348 995 2356 .
1024 2348 1030 2354 .
1059 2348 1065 2354 .
1115 2320 1195 2354 Dat.
1222 2321 1393 2354 Auinione
1420 2320 1487 2356 III.
1514 2320 1569 2354 die
1593 2320 1724 2354 mensis
1748 2319 1842 2354 Julii.

403 2464 501 2504 499.
535 2462 697 2517 Jayme
729 2462 795 2504 II.
829 2474 885 2503 an
922 2463 1063 2517 Papst
1094 2463 1329 2508 ‚Iohannes
1352 2462 1534 2505 XXII.:
1568 2463 1734 2516 Klage‚
1767 2462 1872 2505 dass
1903 2463 2030 2504 trotz

404 2532 488 2574 der
525 2532 611 2574 fiir
648 2532 736 2574 den
767 2532 1134 2575 Kirchendienst
1165 2533 1445 2587 beffihjgten
1478 2533 1846 2576 einheimischen
1878 2531 2029 2575 Geist-

402 2602 557 2646 lichen
589 2602 772 2645 fremde
793 2603 1016 2646 Kleriker
1037 2604 1280 2646 Pfri‘inden
1314 2604 1529 2646 erhalten
1561 2604 1682 2646 ohne
1714 2604 1815 2646 sich
1847 2616 1925 2645 um
1953 2603 2031 2645 die

543 2674 719 2716 Kirche
751 2686 806 2715 zu
837 2673 1098 2716 ki'unmern.
1161 2675 1419 2717 Barcelona
1452 2674 1565 2716 1322
1598 2674 1798 2717 October
1832 2674 1871 2716 7.

547 2801 554 2808 .
583 2802 590 2809 .
617 2801 625 2809 .
650 2767 777 2809 Licet
800 2767 1064 2819 altissimus,
1089 2768 1143 2810 de
1166 2781 1254 2823 quo
1277 2768 1366 2811 sibi
1392 2769 1554 2823 dignas
1576 2768 1734 2811 laudes
1756 2767 2028 2819 refferimus,

401 2837 604 2893 prelatos
650 2842 694 2880 et
736 2837 850 2880 alios
896 2838 1130 2892 discipline
1176 2838 1374 2881 clericali
1407 2839 1631 2893 ascriptos
1663 2838 1808 2881 nostri
1841 2837 2029 2879 dominii

403 2907 467 2950 sic
489 2908 690 2950 naturali
711 2908 907 2964 ingenio,
939 2909 1129 2950 litterali
1157 2909 1365 2962 sciencia,
1396 2923 1575 2952 morum
1598 2910 1835 2951 honestate
1858 2911 1902 2950 et
1925 2908 2028 2951 aliis

401 2978 622 3021 virtutum
664 2979 794 3022 donis
828 2979 1068 3032 dotaverit,
1111 2981 1230 3034 quod
1274 2980 1319 3022 in
1353 2980 1554 3023 ecclesiis
1587 2982 1630 3021 et
1663 2979 1764 3021 aliis
1798 2978 2028 3020 beneficiis

467 3059 520 3087 498
539 3061 569 3104 ⁸)
594 3059 638 3095 So
664 3060 718 3094 die
744 3061 1007 3095 Konstruktion.
