2296 3512
890 253 1207 294 —899—

239 395 382 436 usque
413 394 531 422 nunc
563 382 721 423 habuit
752 394 985 423 remanere
1018 381 1170 436 sicque
1201 381 1406 424 mitimus
1429 381 1559 424 vobis
1581 382 1855 424 translatum

241 452 349 495 dicti
380 451 485 493 libri
507 465 588 507 per
611 464 840 494 cursorem
862 451 1127 506 predictum.
1182 452 1284 494 Dat.
1310 452 1591 494 Barchinone
1612 453 1690 494 ΠΙ.
1715 466 1858 494 nonas

242 522 381 565 Madii
414 535 530 563 anno
565 521 734 564 domini
768 520 1075 563 MCCCXIHO.

380 604 463 647 Reg.
489 604 558 638 240
583 604 608 639 f.
635 603 740 639 ZOOV.
790 603 837 637 Es
862 603 908 637 ist
932 603 992 637 das
1017 603 1134 637 Leben
1158 603 1302 646 Jaymes
1326 604 1354 638 Ι.
1381 614 1449 638 von
1475 604 1600 639 Petrus
1626 604 1781 641 Marsih'i.

242 759 338 800 575.
372 758 532 813 Jayme
556 758 624 799 Π.
646 758 875 810 bestatigt
906 757 981 799 die
1013 757 1226 810 Zahlung
1257 769 1343 799 von
1378 758 1463 799 130
1489 758 1583 802 Sol.
1607 771 1664 801 an
1686 759 1859 801 Petrus
1926 778 1935 783 -

240 828 439 869 Marsilii
486 840 573 882 pro
614 829 864 882 scripturis
904 828 1019 870 libri
1064 828 1304 880 gestorum
1345 829 1375 872 J
1377 840 1530 884 aymes
1560 831 1600 871 Ι.
1663 828 1862 872 Cervara

867 898 978 941 1313
1010 899 1124 942 ‚Iuni
1157 898 1226 940 18.

382 993 474 1035 Nos
491 992 519 1033 J
523 993 689 1035 acobus
708 996 789 1035 etc.
809 992 1174 1048 recognoscimus
1194 996 1238 1034 et
1257 992 1523 1035 confitemur
1542 993 1668 1036 vobis
1696 994 1859 1037 dilecto

242 1062 422 1104 notario
463 1067 619 1106 nostro
653 1064 886 1105 Bernardo
927 1064 979 1105 de
1013 1065 1260 1115 Auersone,
1304 1066 1461 1105 nostra
1494 1063 1646 1119 sigilla
1678 1065 1862 1117 tenenti,

245 1135 365 1188 quod
398 1135 455 1175 ad
486 1135 750 1176 mandatum
783 1138 990 1176 nostruin
1024 1137 1234 1176 oretenus
1261 1134 1387 1177 vobis
1414 1134 1584 1176 factum
1609 1135 1796 1177 dedistis
1821 1141 1864 1177 et

244 1203 443 1246 solvistis
477 1205 530 1246 de
562 1204 737 1247 iuribus
770 1208 1030 1247 nostrorum
1063 1204 1317 1260 sigillorum
1350 1205 1657 1260 predictorum
1685 1207 1864 1261 quanti-

243 1278 362 1317 tates
393 1274 708 1329 insi-ascriptas
742 1310 749 1316 .
783 1310 789 1316 .
822 1310 830 1316 .
864 1275 1015 1317 Fratri
1036 1276 1168 1317 Petro
1194 1275 1369 1317 Ἰ11310111
1402 1277 1455 1317 (10
1478 1276 1635 1318 ordine
1656 1276 1864 1318 Predica-

244 1348 395 1388 torum
442 1350 619 1388 centum
666 1347 856 1402 triginta
887 1346 1055 1388 solidos
1089 1345 1205 1388 dicte
1236 1349 1415 1388 monete
1451 1347 1863 1401 [Barchinonensis]

244 1430 327 1472 pro
361 1417 600 1472 scripturis
632 1417 738 1458 libri
770 1420 1003 1472 gestorum
1035 1416 1334 1459 illustrissimi
1367 1418 1537 1459 domini
1560 1417 1680 1474 regis
1706 1418 1867 1460 Jacobi

245 1486 388 1529 felicis
421 1487 755 1530 recordacionis
789 1488 861 1529 avi
889 1488 1034 1531 nostri
1070 1522 1076 1529 .
1104 1522 1111 1529 .
1138 1522 1145 1529 .
1179 1488 1237 1529 Et
1258 1488 1359 1530 ideo
1383 1491 1671 1544 acceptantes
1695 1502 1721 1530 a
1738 1489 1867 1531 vobis

247 1558 526 1614 quantitates
552 1558 780 1613 predictas
803 1560 1072 1601 mandamus
1097 1572 1173 1601 eas
1196 1572 1277 1613 per
1298 1558 1568 1614 magistrum
1592 1559 1866 1603 racionalem

248 1630 368 1671 curie
416 1634 569 1671 nostre
613 1663 620 1671 .
650 1664 657 1671 .
688 1663 696 1671 .
744 1643 768 1671 a
817 1630 944 1672 vobis
1002 1633 1260 1685 compotum
1309 1629 1569 1672 auditurum
1618 1631 1663 1672 in
1711 1634 1866 1672 nostro

247 1704 456 1756 compoto
498 1700 649 1756 recepi
691 1703 734 1742 et
777 1701 935 1743 admiti
1092 1701 1196 1742 Dat.
1228 1699 1424 1743 Ceruare
1466 1701 1611 1743 XIIII.
1647 1701 1868 1743 kalendas

246 1771 357 1813 ‚Julii
390 1784 506 1813 anno
540 1772 709 1814 domini
741 1770 901 1814 MCCC
932 1772 1055 1813 XIII.

388 1853 471 1898 Reg.
497 1852 566 1887 274
592 1854 616 1889 f.
638 1853 716 1888 lOV.
758 1854 846 1887 Hier
870 1853 1012 1887 handelt
1038 1864 1074 1887 es
1100 1853 1175 1887 sich
1199 1852 1373 1887 natiirlieh
1399 1853 1496 1887 nicht
1521 1864 1580 1887 um
1599 1853 1653 1887 die
1671 1853 1873 1898 Abfassung

249 1911 309 1946 des
333 1912 492 1955 WVerkes,
519 1913 669 1946 sondern
694 1923 753 1946 um
779 1912 856 1946 eine
883 1912 1073 1947 Abschrift.

252 2069 348 2108 576.
382 2067 543 2122 Jayme
573 2068 639 2109 ΙΙ.
672 2080 730 2109 311
773 2068 860 2109 (1011
892 2066 1050 2120 Konig
1090 2079 1178 2110 von
1209 2067 1372 2109 Tunis:
1407 2066 1659 2120 empfiehlt
1691 2067 1871 2109 Ramon

636 2138 756 2180 Lull.
820 2138 989 2180 Lerida
1022 2138 1134 2180 1314
1167 2138 1422 2180 November
1453 2137 1494 2179 4.

392 2234 458 2275 De
490 2246 572 2275 nos
606 2246 658 2274 en
690 2234 846 2275 -Jacme
878 2247 959 2289 per
990 2233 1035 2275 la
1068 2233 1223 2288 gracia
1256 2234 1309 2275 de
1342 2234 1439 2275 Deu
1473 2245 1551 2286 rey
1578 2232 1763 2287 Dara-go
1789 2235 1869 2273 etc.

252 2305 311 2347 Al
342 2304 453 2346 molt
487 2304 618 2346 noble
652 2317 673 2345 e
706 2304 818 2346 molt
849 2305 1015 2347 honrat
1047 2304 1415 2346 Mira-lissomonin
1444 2302 1633 2357 Bujahie
1657 2302 1872 2344 Zacharie

253 2390 332 2431 rey
370 2376 423 2417 de
461 2374 599 2427 Tuniq⁴
637 2374 702 2416 fill
741 2376 793 2416 de
827 2375 960 2417 almir
992 2375 1298 2427 Abhalabbez‚
1331 2374 1398 2416 fill
1431 2374 1526 2416 dels
1560 2373 1716 2415 almirs
1742 2407 1750 2414 .
1779 2405 1788 2414 .
1818 2373 1872 2427 .³)

255 2446 329 2488 axi
368 2460 450 2488 0011
485 2459 509 2486 3
542 2459 633 2500 rey,
667 2459 752 2500 que
784 2446 897 2488 molt
930 2460 1079 2488 amam
1115 2459 1136 2488 e
1170 2446 1212 2487 al
1247 2445 1349 2501 quel
1383 2445 1599 2500 desigam,
1634 2458 1719 2499 que
1751 2444 1873 2485 Deus

255 2519 397 2560 donas
429 2516 571 2558 molta
599 2517 741 2558 donor
774 2530 795 2558 e
829 2517 1127 2559 creechiinent
1160 2518 1213 2558 de
1246 2517 1313 2558 be.
1377 2516 1484 2571 Rey,
1508 2515 1597 2557 fem
1620 2528 1700 2557 vos
1727 2515 1873 2565 saber,

257 2603 341 2644 que
372 2589 533 2630 havein
568 2591 705 2639 entes,
741 2601 825 2643 que
859 2601 912 2629 en
943 2588 1118 2630 Ramon
1150 2587 1251 2629 Luil
1283 2587 1468 2628 natural
1499 2588 1653 2628 nostre
1682 2598 1727 2627 es
1751 2599 1804 2626 en
1830 2584 1875 2626 la

256 2663 411 2701 vostra
454 2658 595 2700 cintat
628 2659 680 2699 de
713 2658 862 2711 Tunic.
926 2659 992 2699 En
1025 2658 1070 2699 la
1103 2658 1210 2713 qual
1241 2657 1275 2699 li
1305 2658 1414 2713 111311
1446 2657 1630 2699 1131111131τ
1664 2658 1707 2697 et
1739 2658 1873 2698 estar.

257 2730 340 2783 On,
381 2744 472 2784 rey,
517 2743 597 2771 con
639 2741 720 2771 nos
761 2742 975 2784 conegam
1014 2728 1057 2771 lo
1092 2729 1157 2770 dit
1188 2729 1387 2781 Ramon,
1435 2741 1519 2783 que
1553 2740 1598 2769 es
1631 2727 1735 2768 hom
1762 2726 1819 2767 bo
1854 2740 1877 2767 e

258 2801 355 2844 savi
398 2815 419 2843 e
462 2801 513 2841 de
554 2801 673 2841 bona
717 2799 822 2841 vida
855 2813 876 2841 e
910 2799 950 2841 el
984 2799 1085 2854 quel
1118 2813 1200 2842 nos
1234 2812 1407 2851 31113111,
1440 2811 1629 2853 pregam
1664 2811 1756 2849 vos,
1791 2810 1897 2851 que.

258 2872 408 2915 vulats
451 2884 527 2913 eus
567 2870 730 2926 placia,
773 2869 876 2925 quel
910 2869 975 2911 dit
1006 2870 1181 2911 Ramon
1213 2883 1294 2924 per
1324 2869 1469 2911 honor
1502 2868 1554 2909 de
1587 2880 1669 2909 nos
1703 2868 1820 2922 ajats
1855 2880 1877 2907 e

258 2943 430 2997 tingats
471 2944 729 2984 recomenat
768 2954 820 2982 en
853 2940 898 2982 13
930 2943 1086 2983 vostra
1118 2940 1285 2995 gracia.
1348 2940 1384 2981 Ε
1419 2952 1498 2991 aco
1531 2951 1612 2980 vos
1646 2938 1876 2993 grahirem

382 3036 435 3063 576
453 3038 482 3080 ²²)
508 3035 573 3069 Ein
598 3035 701 3068 Wort
725 3033 826 3068 fehlt.

1668 3102 1735 3135 57*
