2296 3512
867 245 1185 284 —597—

217 371 423 414 habeatis
463 371 509 412 in
552 370 678 412 curia
716 370 924 423 amicum,
964 371 1018 412 de
1051 383 1138 426 quo
1172 385 1276 414 vere
1307 372 1455 415 dicere
1486 372 1699 428 potestis:
1732 372 1837 428 Ipse

218 445 286 485 631
318 441 434 483 alter
467 453 548 495 ego
583 474 590 481 .
618 474 625 481 .
652 474 659 481 .

356 522 561 577 Denique
589 522 701 575 ista,
735 535 821 577 que
854 525 1086 577 sequntur,
1130 524 1183 565 de
1216 524 1450 566 voluntate
1483 528 1526 567 et
1559 525 1838 568 consciencia

218 594 349 636 amici
392 592 608 646 notiffico,
649 607 704 634 ne
747 592 989 648 quicquam
1020 593 1165 635 lateat
1205 594 1258 635 de
1298 594 1398 646 hiis,
1433 609 1517 649 que
1562 598 1759 651 aguntur
1790 596 1836 637 in

217 664 342 707 curia
365 698 372 705 .
399 697 407 705 .
434 697 442 704 .
467 663 587 705 circa
619 665 867 705 tractatum
900 663 1137 705 concordie
1159 663 1456 706 ‚Januensium
1480 667 1836 709 extrinsecorum

216 748 315 777 cum
347 734 619 787 intrinsecis,
652 733 848 776 maxime
880 747 962 789 per
993 733 1236 776 sollicitam
1271 735 1495 777 cautelam
1518 736 1681 779 sinceri
1703 737 1837 779 amici

216 808 259 848 et
297 804 391 846 eius
430 804 661 859 ingenium
699 804 1015 859 perquisitum.
1081 804 1303 857 Scientes,
1349 806 1488 861 quod,
1535 820 1634 849 cum
1678 807 1745 849 illi
1783 809 1836 850 de

215 877 347 918 domo
380 876 433 917 de
461 874 676 930 Spinulis,
702 875 778 930 qui
805 878 1136 918 consueverunt
1158 876 1212 918 de
1238 879 1387 919 vestro
1422 876 1566 918 amico
1600 878 1836 931 confidere,

212 946 305 988 iam
356 959 534 989 cessare
575 949 619 988 et
668 959 826 987 cavere
866 946 1118 1001 inciperent
1163 959 1189 988 a
1229 946 1547 1002 participando
1593 961 1692 989 cum
1736 949 1836 1004 ipso

215 1016 359 1059 amico
390 1016 514 1058 facta
546 1030 701 1059 eorum
735 1019 778 1059 et
809 1016 856 1058 in
889 1016 991 1059 dolo
1026 1017 1167 1058 eciam
1202 1031 1303 1059 cum
1336 1018 1469 1060 domo
1503 1018 1556 1060 de
1576 1018 1721 1060 Auria
1743 1032 1836 1060 am-

213 1087 438 1140 bularent,
471 1091 696 1130 secretum
729 1091 976 1130 tractatum
998 1088 1159 1130 habuit
1182 1101 1283 1130 cum
1307 1089 1488 1130 domino
1520 1090 1696 1145 Angelo
1729 1090 1836 1131 Tar-

211 1160 327 1211 taro,
362 1158 439 1213 qui
472 1161 540 1201 est
566 1172 648 1214 pro
677 1158 941 1201 extrinsecis
965 1161 1102 1214 caput
1125 1159 1397 1212 ambaxiate,
1432 1162 1651 1215 quantum
1675 1160 1839 1202 attinet

214 1229 271 1271 ad
310 1230 492 1272 domum
532 1230 585 1271 de
617 1230 776 1282 Auria,
818 1232 861 1272 et
901 1231 1044 1272 eidem
1083 1230 1237 1273 offerri
1274 1230 1382 1273 fecit
1414 1231 1647 1284 auxilium,
1692 1231 1837 1274 consi-

211 1300 322 1341 lium
341 1302 385 1341 et
409 1299 626 1353 favorem,
647 1304 689 1342 et
713 1315 814 1343 eum
833 1301 939 1343 fecit
961 1301 1103 1356 radia)
1124 1304 1306 1344 cautum
1330 1303 1383 1344 de
1407 1302 1509 1344 dolo
1535 1305 1579 1344 et
1600 1301 1837 1346 fraudibus

213 1371 579 1413 adversariorum
625 1373 669 1412 et
714 1371 855 1413 eciam
901 1371 1199 1426 collegarum,
1246 1372 1323 1427 qui
1366 1373 1448 1414 hec
1492 1386 1593 1415 cum
1627 1375 1837 1429 gratante

212 1442 455 1484 devocione
487 1442 709 1497 recipiens
741 1442 788 1483 in
820 1442 914 1485 suis
949 1443 1155 1486 comissis
1183 1456 1362 1499 semper
1385 1444 1441 1485 ad
1466 1443 1703 1486 consilium
1727 1444 1837 1497 eius,

213 1525 312 1554 cum
356 1511 443 1554 fuit
476 1515 519 1554 et
553 1516 620 1555 est
651 1526 855 1565 necesse,
897 1514 1105 1566 recurrit,
1152 1515 1326 1567 omnia,
1368 1528 1453 1570 que
1496 1515 1543 1557 in
1576 1515 1697 1558 dicto
1730 1517 1835 1557 sunt

213 1586 315 1625 acta
351 1583 562 1639 negocio,
603 1584 929 1627 comunicando
969 1585 1124 1627 eidem.
1188 1586 1247 1628 Et
1283 1586 1512 1641 moduma)
1555 1599 1637 1642 per
1668 1599 1837 1642 papam

210 1653 256 1696 in
287 1655 523 1710 premissis
555 1655 738 1698 habitus
771 1655 857 1697 fuit
888 1655 989 1709 iste,
1020 1656 1244 1710 videlicet,
1279 1658 1400 1712 quod
1431 1657 1668 1713 utriusque
1690 1657 1837 1713 partis

212 1725 549 1769 ambaxiatores
563 1740 645 1782 per
656 1729 853 1781 quatuor
869 1726 988 1769 forte
1007 1727 1101 1770 dies
1126 1731 1230 1770 ante
1252 1727 1419 1770 festum
1438 1729 1584 1771 sancti
1602 1728 1836 1771 Michaelis

212 1808 363 1838 coram
405 1810 489 1839 sua
529 1797 708 1839 vocavit
749 1797 986 1853 presencia
1031 1798 1262 1842 accessitis
1301 1799 1467 1841 ibidem
1500 1813 1607 1855 rege
1637 1800 1836 1841 Roberto

212 1869 256 1908 et
288 1867 509 1909 cardinali
541 1869 595 1910 de
626 1868 773 1911 Flisco
807 1872 851 1910 et
883 1868 985 1911 aliis
1018 1869 1166 1912 tribus
1199 1870 1520 1923 cardinalibus,
1555 1870 1726 1913 scilicet
1759 1871 1837 1913 do-

210 1937 332 1979 mino
366 1938 644 1994 Berrandoa)
679 1940 732 1981 de
763 1940 919 1982 Monte
950 1939 1158 1983 fauencio
1193 1944 1236 1983 61
1268 1940 1516 1984 Gaucelino
1537 1941 1759 1984 Johannis
1793 1944 1837 1984 et

209 2008 414 2051 Arnaldo
445 2012 608 2064 nepote
647 2010 847 2053 eiusdem
879 2024 997 2066 pape
1030 2013 1073 2053 et
1104 2011 1231 2067 ipsos
1263 2012 1411 2067 primo
1444 2012 1489 2054 in
1523 2014 1719 2068 quodam
1752 2026 1836 2055 suo

210 2078 337 2121 brevi
369 2092 574 2122 sermone
617 2081 797 2123 induxit
839 2083 895 2124 ad
927 2095 1110 2138 pacem,
1155 2083 1213 2124 ad
1245 2096 1382 2139 quam
1417 2083 1616 2139 quelibet
1647 2097 1755 2140 pars
1789 2097 1836 2127 se

210 2152 472 2205 promptam
505 2151 670 2194 obtulit
700 2166 783 2208 per
813 2153 954 2194 verba
985 2154 1217 2209 generalia
1247 2154 1462 2196 colorata.
1511 2153 1602 2207 Qui
1623 2154 1836 2209 finaliter,

207 2224 346 2276 prout
379 2234 479 2262 cum
511 2222 689 2276 prefato
721 2237 828 2278 rege
849 2224 1239 2279 preordinaverat,
1274 2225 1442 2268 eisdem
1466 2226 1588 2268 dedit
1610 2239 1693 2282 pro
1716 2229 1836 2268 trac-

208 2291 435 2334 tatoribus
468 2294 561 2335 tres
594 2293 848 2337 cardinales
879 2295 1124 2350 predictos,
1156 2295 1327 2355 intqua
1359 2296 1546 2339 dacione
1579 2297 1726 2339 dictus
1754 2310 1835 2339 rex

207 2361 294 2404 fuit
337 2375 418 2417 per
468 2364 804 2408 ambaxiatores
853 2366 1131 2409 extrinsecos
1171 2367 1432 2410 nominatus
1472 2370 1517 2410 et
1549 2369 1606 2410 ad
1636 2368 1723 2411 hoc
1753 2382 1838 2424 per

209 2432 378 2474 dictum
425 2433 654 2476 dominum
692 2435 919 2491 Angelum
963 2437 1197 2480 curialiter
1240 2438 1585 2481 contradictum.
1657 2438 1836 2491 Quibus

208 2503 354 2546 tribus
394 2504 722 2548 tractatoribus
765 2505 858 2548 iam
900 2521 984 2562 per
1025 2521 1195 2564 papam
1233 2509 1299 2552 sic
1345 2509 1576 2566 deputatis
1623 2509 1710 2552 fuit
1752 2524 1836 2566 per

208 2575 388 2617 eosdem
423 2574 677 2618 cardinales
711 2576 773 2619 eis
807 2577 901 2619 dies
934 2591 1127 2633 sequens
1158 2579 1370 2635 proxima
1403 2580 1651 2636 assignata,
1684 2584 1734 2624 ut
1761 2594 1832 2624 60-

206 2658 306 2687 ram
349 2645 412 2688 eis
458 2659 567 2701 pars
608 2650 801 2702 utraque
835 2660 932 2691 esse
965 2649 1160 2692 deberet.
1225 2650 1326 2703 Qua
1359 2651 1429 2693 die
1463 2651 1671 2695 dominus
1704 2650 1832 2695 Chri-

207 2716 383 2759 stianus
416 2718 470 2759 de
493 2716 694 2772 Spinulis
725 2717 813 2760 fuit
844 2721 989 2761 screte
1022 2733 1122 2762 cum
1153 2734 1260 2776 rege
1293 2724 1337 2763 et
1369 2722 1423 2764 de
1455 2723 1589 2765 domo
1622 2724 1716 2766 61113
1749 2723 1832 2765 ivit

208 2788 265 2829 ad
296 2801 465 2843 papam
510 2791 554 2830 et
587 2801 688 2830 cum
730 2788 850 2831 dicto
896 2802 1003 2845 rege
1034 2790 1233 2833 Roberto
1278 2793 1507 2834 ordinavit
1551 2806 1651 2835 cum
1696 2807 1830 2850 papa,

208 2858 328 2913 quod
359 2858 492 2901 dictis
533 2858 681 2901 tribus
722 2859 1030 2902 cardinalibus
1067 2875 1148 2903 rex
1179 2862 1407 2917 prefatus,
1452 2863 1528 2919 qui
1561 2866 1629 2906 est
1661 2864 1725 2907 eis
1758 2878 1829 2907 co-

205 2929 369 2982 munis,
401 2929 441 2972 si
471 2930 594 2972 Deus
628 2930 754 2984 esta),
786 2929 874 2972 fuit
905 2930 1159 2985 adiunctus,
1191 2932 1257 2974 ita
1279 2934 1399 2988 quod
1423 2934 1710 2989 composicio,
1744 2948 1829 2990 que

346 3023 375 3067 a)
401 3022 445 3058 So
472 3022 529 3058 Or.
