2296 3512
925 245 1243 286 -631—

276 379 545 428 vestrorum,
580 376 633 416 de
666 374 829 430 quibus
855 386 936 415 vos
958 372 1210 428 loquimini,
1243 374 1421 414 tantum
1448 371 1616 413 habent
1638 371 1691 413 de
1714 383 1762 413 se
1783 370 1895 425 ipsis

275 448 437 499 facere,
472 446 592 502 quod
623 446 800 487 vestros
833 444 988 486 hostes
1027 443 1184 484 iuvare
1216 455 1305 484 non
1336 445 1540 498 possunt.
1603 441 1661 484 Et
1690 441 1775 483 hoc
1807 453 1896 483 non

278 521 346 560 est
377 518 566 572 propter
597 515 848 557 bonitatem
875 527 957 555 nec
976 513 1233 569 potenciam
1260 515 1474 565 vestram,
1497 515 1566 555 set
1587 514 1774 568 propter
1800 524 1896 563 nos,

278 588 355 644 qui
386 600 528 642 usque
560 599 679 628 nunc
705 585 910 627 dedimus
944 584 1008 626 eis
1030 582 1306 626 satisfacere.
1370 583 1463 626 Vos
1494 586 1642 625 autem
1667 582 1897 625 adiutores

277 659 443 701 habere
474 670 564 700 non
596 655 754 707 vultis;
788 668 893 697 nam
916 657 1047 696 tanta
1067 653 1154 696 fuit
1176 655 1330 696 vestra
1355 653 1521 706 vilitas,
1545 653 1666 709 quod
1686 652 1898 695 noluistis

276 729 432 772 iuvare
473 727 662 770 Pisanos
703 727 750 769 in
783 725 1055 768 deffensione
1088 723 1295 767 Sardinie
1336 726 1379 765 et
1412 722 1607 776 Corsice,
1649 725 1702 766 de
1735 723 1898 778 quibus

277 813 358 842 vos
395 798 498 855 plus
537 797 676 840 eratis
715 796 885 839 domini
918 809 1054 852 quam
1086 795 1253 837 Pisani.
1315 795 1409 836 Nec
1441 794 1582 837 eciam
1613 794 1899 836 Florentinos
1934 830 1942 835 .

278 872 437 913 contra
499 867 786 911 Castrucium
839 870 1042 910 vestrum
1104 866 1281 908 hostem
1345 864 1592 921 pessimum
1647 864 1897 907 adjuvistis.

276 942 349 984 Ad
391 941 512 997 quod
552 939 628 982 ille
672 938 924 994 replicavit,
969 938 1103 994 quod,
1145 936 1251 979 licet
1297 936 1387 992 ipsi
1424 938 1608 978 teneant
1656 935 1899 988 civitatem,

277 1015 430 1054 tamen
462 1013 560 1054 tota
591 1009 780 1066 Riparia
812 1012 992 1051 tenetur
1022 1022 1104 1064 per
1135 1008 1290 1050 hostes
1314 1020 1469 1050 eorum
1493 1008 1536 1048 et
1557 1019 1642 1061 pro
1664 1008 1794 1061 parte
1820 1019 1901 1061 per

278 1081 596 1125 Castruchium
621 1080 933 1137 supradictum
956 1092 1100 1134 usque
1122 1092 1263 1135 prope
1288 1078 1531 1129 civitatem,
1553 1077 1620 1118 ita
1646 1076 1763 1132 quod
1788 1076 1901 1119 satis

278 1155 447 1196 habent
480 1166 527 1195 se
550 1165 685 1208 posse
709 1151 974 1194 deffendere.
1039 1148 1152 1192 Cum
1174 1149 1353 1192 Pisanis
1383 1151 1533 1190 autem
1562 1161 1652 1190 non
1673 1147 1903 1189 habebant

280 1224 452 1280 aliquid
489 1237 571 1266 nec
608 1236 809 1279 unquam
848 1224 1118 1277 receperunt
1151 1221 1206 1262 ab
1241 1220 1319 1273 eiS,
1351 1222 1539 1276 propter
1572 1219 1693 1275 quod
1724 1218 1903 1274 brigam

280 1309 435 1338 eorum
468 1295 683 1337 deberent
708 1293 852 1349 brigis
875 1293 1081 1348 ipsorum
1104 1291 1334 1335 cumulare
1358 1294 1401 1333 et
1422 1289 1738 1346 principaliter
1758 1292 1903 1331 totam

280 1368 462 1409 domum
495 1365 727 1420 Aragonie
772 1364 859 1407 sibi
904 1363 1179 1406 constituere
1212 1363 1402 1415 hostem,
1441 1362 1487 1403 in
1527 1374 1617 1416 qua
1650 1362 1780 1402 erant
1811 1362 1904 1401 tres

281 1451 444 1480 corone
482 1436 619 1492 regie.
687 1436 755 1477 Ex
797 1435 961 1490 quibus
1002 1434 1154 1477 verbis
1195 1436 1400 1476 comotus
1442 1432 1487 1474 in
1528 1431 1695 1474 furiam
1736 1430 1906 1486 incepit

281 1508 448 1551 dicere:
472 1506 695 1551 Vfljssimi
721 1506 922 1548 omnium
949 1505 1197 1558 hominum,
1222 1505 1333 1546 bene
1356 1507 1476 1546 certe
1498 1503 1545 1545 in
1567 1502 1718 1545 verbis
1740 1501 1904 1545 vestris

282 1582 481 1622 vestram
514 1577 754 1621 ostenditis
787 1576 1030 1619 vilitatem!
1094 1576 1230 1618 Modo
1265 1588 1373 1631 ergo
1417 1576 1529 1617 bene
1562 1573 1709 1625 statis,
1742 1576 1793 1615 ut
1824 1586 1905 1615 vos

283 1651 409 1692 decet
441 1652 578 1702 stare,
619 1662 719 1690 cum
751 1648 843 1690 iam
874 1661 957 1704 per
994 1647 1301 1703 perdicionem
1334 1645 1543 1689 Sardinie
1576 1647 1619 1687 et
1652 1643 1834 1687 Corsice
1859 1643 1906 1685 in

282 1721 465 1763 civitate
497 1722 652 1764 vestra
683 1719 892 1761 habeatis
924 1732 1160 1761 remanere
1191 1717 1367 1760 obsessi
1401 1720 1444 1759 et
1474 1715 1781 1758 revendemini
1806 1717 1906 1756 tan-

283 1805 419 1848 quam
452 1791 584 1834 servi.
648 1792 720 1834 Ad
743 1791 864 1846 quod
897 1790 1035 1832 etiam
1060 1789 1314 1845 respondit:
1349 1786 1495 1839 Certe,
1519 1786 1632 1830 satis
1656 1789 1754 1828 erat
1776 1785 1906 1828 nobis

283 1876 443 1918 guerre
475 1865 662 1918 portare
693 1861 995 1904 hostilitatem
1028 1860 1169 1903 solius
1203 1859 1324 1915 regis
1346 1858 1573 1901 Frederici
1601 1860 1644 1899 et
1667 1857 1796 1913 regni
1822 1856 1906 1908 sui,

284 1933 379 1976 sine
412 1934 533 1989 quod
565 1933 851 1987 adderetur0)
890 1931 1101 1988 potencia
1133 1944 1291 1986 regum
1326 1933 1369 1972 et
1400 1942 1644 1986 regnorum
1675 1927 1907 1984 Aragonie

285 2007 328 2046 et
360 2004 696 2047 Maioricarum.
759 2004 832 2046 Ad
866 2004 987 2059 quod
1018 2016 1159 2058 papa:
1201 2002 1322 2044 Bene
1356 2014 1462 2056 ergo
1497 1999 1644 2053 statis,
1677 2002 1729 2041 ut
1762 1999 1905 2042 decet!

283 2075 341 2117 Et
383 2078 543 2130 postea
587 2074 922 2130 aliquantulum
967 2073 1184 2129 quieciori
1230 2073 1380 2115 animo
1425 2074 1469 2114 et
1505 2085 1615 2114 voce
1655 2070 1907 2114 subiunxit:

285 2144 430 2198 Certe,
464 2146 610 2188 adhuc
642 2146 681 2189 si
713 2145 874 2189 essetis
906 2145 1015 2188 boni
1048 2147 1091 2187 et
1122 2143 1326 2187 valentes
1354 2143 1573 2195 homines,
1596 2143 1752 2198 posset
1772 2154 1908 2196 nego-

285 2216 403 2258 cium
449 2215 656 2258 Sardinie
697 2216 918 2272 reparari.
987 2216 1108 2258 Bene
1154 2215 1274 2257 enim
1318 2214 1500 2266 scimus,
1547 2213 1744 2269 qualiter
1787 2212 1910 2255 dicta

283 2286 434 2329 insula
472 2288 525 2329 de
557 2287 767 2342 gentibus
801 2290 844 2329 et
876 2287 930 2329 de
964 2286 1067 2329 aliis
1101 2288 1169 2329 est
1203 2285 1392 2329 dimissa
1424 2284 1619 2336 munita;
1654 2287 1698 2326 et
1729 2283 1830 2326 ideo
1862 2282 1909 2325 in

284 2357 386 2401 istis
419 2357 592 2413 aliquid
627 2357 718 2399 iam
749 2357 991 2414 incipimus
1025 2371 1228 2413 operare.
1291 2356 1365 2399 Ad
1397 2356 1517 2412 quod
1552 2355 1629 2397 ille
1661 2354 1909 2410 respondit,

286 2429 407 2484 quod
436 2429 534 2484 ipse
568 2431 666 2470 erat
696 2442 813 2471 unus
845 2428 969 2471 solus
996 2429 1131 2471 homo
1166 2429 1220 2470 de
1240 2428 1391 2470 Janua
1421 2440 1512 2470 non
1542 2426 1714 2469 habens
1738 2425 1911 2481 aliquid

287 2513 313 2542 a
345 2512 426 2542 suo
461 2499 640 2542 comuni
678 2512 815 2555 super
845 2499 961 2553 istis,
994 2500 1060 2542 ita
1093 2500 1210 2553 quod
1243 2513 1325 2555 per
1356 2511 1403 2541 se
1436 2499 1494 2540 ad
1525 2497 1615 2540 ista
1637 2497 1911 2552 respondere

285 2583 375 2612 non
406 2572 589 2626 poterat
619 2583 702 2611 nec
733 2570 938 2612 debebat.
1000 2570 1059 2612 Et
1090 2569 1138 2612 in
1168 2570 1254 2613 hoc
1285 2568 1372 2611 fuit
1403 2568 1506 2611 finis
1538 2568 1795 2611 verborum.

428 2663 580 2717 Quare
634 2663 922 2706 considerare
974 2664 1112 2707 habet
1159 2664 1391 2720 sapiencia
1442 2663 1570 2720 regia
1622 2666 1667 2705 et
1718 2661 1910 2704 multum

286 2735 533 2791 prudenter
564 2736 783 2787 avertere,
817 2734 937 2790 quod
969 2734 1092 2777 dicta
1122 2734 1287 2789 insula,
1321 2748 1407 2790 que
1440 2748 1541 2777 cum
1568 2736 1638 2777 tot
1667 2735 1711 2775 et
1732 2731 1910 2788 magnis

288 2806 510 2862 expensis,
549 2805 798 2857 laboribus,
832 2805 1042 2861 dampnis
1075 2807 1120 2847 et
1150 2805 1364 2861 periculis
1399 2808 1466 2848 est
1498 2804 1704 2857 feliciter,
1736 2802 1911 2858 magni-

285 2876 368 2919 fice
401 2880 445 2919 et
478 2877 535 2919 ad
567 2889 781 2932 magnam
808 2875 1003 2931 gloriam
1030 2878 1075 2918 et
1097 2877 1426 2920 exaltacioneni
1450 2888 1613 2918 corone
1635 2874 1757 2930 regie
1785 2873 1911 2929 aqui-

287 2947 390 3000 sita,
422 2947 553 3004 perdi
580 2960 670 2989 non
692 2946 838 3002 possit
859 2959 941 3002 per
973 2946 1249 2989 incautelam
1273 2949 1317 2989 et
1339 2948 1631 3002 cotemptum.
1694 2944 1911 3000 Precipue

428 3030 457 3070 a)
484 3028 670 3063 addai-etur
695 3028 752 3064 Or.
