2296 3512
956 270 1279 311 —859—

447 397 638 452 Insuper
671 410 771 438 cum
805 397 862 439 ad
901 410 1032 439 aures
1072 399 1252 440 nostras
1293 398 1470 441 noviter
1503 399 1744 440 deductum
1777 398 1926 451 fuerit,

304 481 387 510 vos
427 467 602 523 pridem
647 470 870 509 statutum
913 467 1085 519 fecisse,
1129 467 1174 509 in
1208 482 1294 523 quo
1336 468 1551 511 inhibetis
1585 469 1927 523 quibuscunque

306 537 513 589 nominis,
546 550 602 578 ne
634 537 938 580 instrumenta
971 541 1049 579 aut
1082 538 1258 593 aliquas
1299 539 1551 594 scripturas
1583 539 1790 595 publicas
1824 553 1927 581 con-

303 608 461 650 ficiant
496 607 542 649 in
588 607 711 659 locis,
758 607 804 650 in
847 608 1009 662 quibus
1047 609 1216 650 notarii
1267 613 1372 651 sunt
1414 610 1611 662 ecclesie,
1661 613 1927 662 statuentes,

306 682 356 721 ut
397 678 774 721 contrafacientes
816 679 1093 721 sentenciam
1138 680 1623 722 excommunicacionis
1664 681 1764 736 ipso
1806 680 1927 724 facto

305 750 540 792 incurrant
584 753 627 792 et
672 750 791 804 quod
837 749 1012 792 absolvi
1056 764 1145 792 non
1184 754 1383 805 possent,
1430 751 1517 794 nisi
1560 751 1683 793 facta
1715 752 1956 807 primitus

303 819 636 872 satisfactione,
686 823 730 862 et
777 834 878 862 cum
926 821 1095 862 dictum
1143 822 1365 862 statutum
1424 820 1629 863 effectum
1678 822 1927 865 creacionis

302 890 587 933 notariorum
620 894 715 933 tam
748 891 1099 933 domesticorum
1134 904 1270 946 quam
1304 891 1495 934 aliorum
1531 895 1708 934 arctare
1739 892 1929 935 nimium

304 961 530 1003 videatur:
558 961 726 1003 idcirco
752 975 834 1004 vos
857 961 1145 1017 requirimus,
1169 965 1392 1015 quatenus
1415 963 1667 1004 revocando
1696 963 1766 1004 vel
1787 963 1929 1005 modi-

300 1032 479 1074 ficando
512 1034 735 1075 statutum
768 1032 1022 1087 predictum
1062 1046 1199 1088 super
1235 1032 1452 1087 predictis
1484 1032 1724 1088 providere
1765 1033 1928 1076 velitis.

303 1137 313 1144 ,
350 1137 358 1144 .
394 1137 401 1144 .
436 1103 539 1145 Dat.
580 1103 626 1145 in
658 1102 969 1145 Villafrancha
1004 1137 1012 1145 .
1049 1137 1056 1144 .
1092 1137 1100 1145 .
1136 1103 1257 1145 VHI.
1296 1103 1397 1146 idus
1435 1103 1559 1146 Junii
1599 1118 1716 1146 anno
1759 1105 1929 1147 domini

304 1172 552 1216 MGOGXX
585 1174 794 1216 secundo.

443 1255 528 1299 Reg.
543 1256 610 1291 247
626 1254 686 1291 fol.
701 1255 757 1292 85.
799 1254 961 1290 Daselbst
985 1266 1026 1289 an
1054 1255 1094 1293 P.
1121 1255 1245 1290 Marci:
1281 1255 1369 1291 Cum
1394 1254 1680 1298 intellexerimus,
1707 1256 1799 1300 quod
1825 1267 1930 1290 vene-

302 1313 419 1348 rabilis
455 1314 749 1349 Terrachonensis
793 1314 1073 1358 archiepiscopus
1116 1314 1201 1349 fecit
1244 1314 1456 1358 provinciale
1500 1313 1685 1348 concilium
1730 1316 1931 1359 congregari

302 1373 540 1417 pn'ncipaliter
565 1374 702 1407 racione
729 1373 935 1417 provisionis
960 1384 1025 1417 per
1050 1383 1113 1407 nos
1139 1373 1271 1408 dudum
1302 1373 1396 1408 facte
1423 1373 1465 1407 ad
1491 1374 1797 1407 conservacionem
1829 1374 1930 1408 iuris-

301 1432 462 1467 dictionis
487 1434 605 1467 nostre
631 1432 664 1466 in
693 1432 819 1466 diocesi
846 1432 1080 1466 Gerundensi:

444 1491 514 1526 Son
550 1492 666 1526 sekret
690 1491 896 1526 Erzbischof
933 1492 1005 1525 und
1030 1491 1197 1526 Bischofe
1235 1502 1304 1525 von
1335 1490 1528 1526 Barcelona
1565 1492 1636 1526 und
1667 1491 1794 1526 Lei-ida
1831 1493 1931 1536 (quos

302 1550 411 1585 nostri
437 1551 521 1585 iuris
545 1553 580 1586 et
610 1550 817 1595 beneplaciti
843 1551 972 1585 scimus
1003 1550 1186 1588 zelatores)
1212 1550 1451 1593 informieren,
1484 1551 1562 1585 dass
1593 1551 1643 1585 sie
1674 1550 1774 1584 keine
1801 1550 1930 1584 inordi-

301 1611 383 1644 nata
418 1610 663 1655 Bestimmung
703 1609 873 1653 zulassen,
923 1609 978 1644 die
1015 1620 1126 1654 gegen
1163 1609 1258 1644 seine
1295 1609 1531 1654 Verordnung
1571 1609 1665 1654 geht.
1728 1608 1827 1643 vm.
1854 1609 1931 1644 idus

299 1669 396 1703 Jum'i
423 1668 526 1705 1322.
575 1669 697 1713 (Nioht
722 1669 927 1713 expediert).
980 1671 1045 1703 Am
1085 1670 1139 1703 14.
1165 1669 1248 1703 Juni
1274 1669 1429 1703 schreibt
1467 1680 1505 1702 er
1543 1669 1623 1703 dem
1648 1667 1857 1703 Erzbischot'
1897 1670 1931 1702 et

301 1727 446 1762 concilio
484 1739 577 1762 nunc
611 1730 817 1773 congregato
856 1728 947 1772 apud
972 1728 1242 1762 Terrachonam:
1282 1727 1380 1762 Habe
1406 1727 1505 1762 Bn'ef
1542 1728 1603 1761 auf
1640 1728 1715 1761 sein
1740 1727 1930 1762 Schreiben

303 1787 476 1829 erhalten3
514 1787 622 1822 bevor
648 1787 743 1822 seine
769 1789 930 1822 Antwort
956 1787 1136 1831 expediert
1160 1787 1220 1830 sei,
1253 1787 1352 1821 horte
1379 1798 1427 1829 er,
1454 1797 1516 1821 vos
1541 1787 1718 1820 ordinasse
1745 1785 1930 1821 concilium

302 1846 479 1881 celebrare
504 1847 541 1881 in
566 1846 705 1881 civitate
733 1846 1018 1881 Barchinonensi.
1059 1847 1099 1890 (f.
1126 1846 1223 1889 SSV.)

304 2015 401 2055 540.
435 2013 596 2068 Jayme
617 2013 683 2055 11.
718 2026 776 2055 an
808 2013 1073 2066 Inquisitor
1104 2012 1319 2055 Bernard
1351 2011 1407 2054 de
1438 2011 1586 2054 Pedio
1619 2013 1824 2054 certoso:
1859 2022 1929 2053 er-

303 2083 463 2125 innert
499 2096 557 2125 an
595 2084 755 2126 seinen
788 2083 1036 2136 Unwillen,
1076 2082 1180 2125 dass
1226 2082 1310 2125 der
1348 2083 1613 2135 Inquisitor
1657 2094 1807 2137 gegen
1852 2082 1929 2124 die

299 2153 455 2197 Juden
502 2165 588 2197 von
634 2154 904 2208 Tarragona
950 2165 1291 2208 vorgegangen,
1340 2154 1461 2196 ohne
1506 2154 1591 2195 ihu
1638 2166 1692 2195 zu
1740 2153 1930 2207 fragen;

303 2225 427 2266 trotz
466 2224 545 2266 des
578 2224 1008 2278 Zugesti‘indnisses,
1047 2224 1152 2266 dass
1190 2235 1242 2265 er
1280 2235 1367 2267 von
1400 2222 1523 2277 Jetzt
1563 2236 1621 2265 an
1654 2223 1742 2266 den
1774 2222 1932 2277 Kiinig

303 2294 615 2337 informieren
647 2295 798 2349 wolle,
836 2295 955 2337 habe
993 2306 1046 2337 er
1083 2306 1233 2348 gegen
1263 2294 1416 2338 Juden
1454 2306 1542 2336 von
1573 2294 1746 2336 Lerida
1779 2295 1930 2348 inqui-

303 2366 439 2408 riert.
516 2366 665 2408 Unter
708 2366 811 2408 (lem
863 2365 1121 2408 Vorwamle
1165 2365 1249 2408 der
1294 2365 1583 2418 Inquisition
1626 2365 1811 2407 werden
1855 2366 1931 2408 die

303 2435 609 2490 kiiniglichen
630 2437 807 2479 Rechte
829 2435 1047 2479 zerstiirt.
1109 2436 1256 2479 Ladet
1278 2437 1361 2478 ihn
1382 2447 1481 2478 vor.
1534 2436 1793 2478 Barcelona
1817 2436 1929 2479 1323

929 2505 1201 2561 September
1233 2507 1303 2549 22.

444 2600 644 2642 Jacobus
687 2603 768 2642 etc.
814 2600 1027 2656 religioso
1060 2600 1195 2643 fratri
1226 2601 1460 2643 Bernardo
1495 2601 1548 2642 de
1580 2599 1719 2642 Podio
1754 2604 1928 2644 certoso

303 2671 564 2727 inquisitori
595 2671 791 2712 heretice
828 2671 1072 2726 pravitatis
1095 2671 1290 2714 salutem
1320 2674 1401 2713 etc.
1459 2672 1527 2713 Ex
1549 2684 1765 2726 processu
1787 2684 1930 2727 nuper

302 2756 384 2797 per
424 2755 504 2784 vos
546 2741 666 2783 facto
709 2742 925 2784 adversus
966 2741 1136 2784 Judeos
1176 2741 1579 2794 Terrachonenses,
1625 2741 1664 2783 si
1708 2741 1819 2783 bene
1861 2755 1929 2783 re-

301 2813 467 2865 colitis,
502 2811 822 2854 admiracionis
856 2814 898 2853 et
931 2812 1219 2867 displicencie
1252 2825 1437 2855 causam
1459 2812 1755 2867 suscepimus,
1790 2825 1843 2853 ex
1877 2824 1927 2853 eo

304 2883 600 2935 solummodo,
637 2882 756 2938 quod
787 2881 1068 2924 voluntatem
1100 2886 1301 2925 vestram
1334 2883 1454 2925 circa
1487 2882 1636 2937 ipsum
1667 2881 1926 2925 faciendum

303 2967 567 3010 processum
619 2953 751 2995 nobis
802 2965 892 2994 non
951 2953 1248 3008 appernistis:
1308 2953 1447 2995 immo
1496 2965 1548 2994 ac
1594 2952 1633 2995 si
1679 2965 1761 2995 nos
1809 2952 1929 2994 circa

305 3025 528 3068 hereticos
560 3023 810 3079 puniendos
844 3023 958 3066 alias
991 3023 1132 3078 tepidi
1163 3022 1406 3066 fuissemus
1435 3023 1617 3077 reperti,
1650 3023 1754 3065 inde
1782 3021 1927 3064 occul-
