2296 3512
1187 280 1503 321 —884—

536 411 694 450 nostro
729 407 909 463 expedit
939 407 1090 463 ipsum
1121 407 1194 449 hic
1226 421 1323 450 esse
1355 422 1438 463 pro
1470 409 1674 462 parando
1698 408 1818 450 viam
1849 408 1961 464 ipsis
1996 409 2158 451 vestris

539 478 828 533 conceptibus
874 477 1186 533 adimplendis.
1255 478 1359 520 Dat.
1394 478 1618 520 Auinione
1663 479 1732 520 die
1773 479 1914 521 XXV.
1948 479 2156 534 Augusti.

677 547 778 583 CBD.
829 547 984 591 Separat.
1034 548 1125 581 Zwei
1150 547 1428 592 gleichlautende
1456 547 1640 592 Originale.
1690 548 1773 592 Pap.

536 691 633 731 561.
652 690 681 733 J
684 700 813 745 ayme
829 691 896 732 II.
915 702 972 731 an
990 689 1168 732 Arnald
1190 702 1278 733 von
1296 690 1558 733 villanova:
1581 690 1880 744 Erinnerung
1896 703 1955 732 an
1971 691 2160 733 neulich

534 760 793 814 gesandten
840 760 996 813 Brief‚
1044 761 1148 803 dass
1196 772 1248 803 er
1295 761 1383 803 (1911
1430 761 1575 814 Papst
1626 773 1709 802 zur
1760 761 2158 815 wirkungsvollen

537 831 909 885 Unterstiitzung
941 832 1092 873 seines
1119 832 1489 874 Unternehmens
1511 832 1629 873 nach
1650 831 1874 885 Almeria‚
1907 844 1991 875 vor
2019 832 2155 874 allem

534 914 639 943 zum
684 902 938 944 Unterhalt
982 903 1113 945 einer
1156 903 1313 945 Flotte
1364 903 1414 944 111
1467 902 1551 944 der
1590 903 1833 956 Meerenge
1879 902 2158 945 veranlasse.

534 970 753 1025 Sendung
778 974 945 1015 zweier
977 972 1255 1026 Gesandten,
1289 973 1437 1015 denen
1459 985 1512 1015 er
1543 974 1632 1016 mit
1664 975 1825 1016 seinen
1846 974 2012 1017 Bitten
2034 975 2159 1016 heim

533 1043 679 1097 Papst
722 1055 805 1084 zur
843 1041 970 1085 Seite
1014 1043 1178 1085 stehen
1217 1043 1323 1085 soll.
1386 1043 1596 1086 Almeria
1641 1043 1753 1085 1309
1801 1043 2074 1098 September
2115 1043 2157 1086 4.

677 1136 941 1179 Venerabili
983 1140 1026 1178 et
1066 1137 1256 1192 provido
1295 1138 1393 1180 viro
1435 1138 1656 1193 magistro
1689 1137 1893 1180 Arnaldo
1932 1139 1985 1180 de
2018 1137 2158 1179 Villa-

536 1221 666 1259 nova,
702 1207 863 1249 dilecto
898 1208 1157 1250 consiliario
1191 1212 1234 1249 et
1266 1207 1483 1250 familiari
1514 1211 1670 1250 003110
1705 1208 1898 1251 salutem
1931 1211 2012 1250 etc.
2060 1209 2158 1250 Iam

535 1292 680 1334 nuper
711 1292 793 1334 per
825 1278 961 1320 aliam
985 1279 1187 1320 litteram
1211 1284 1416 1322 nostram
1439 1279 1568 1322 vobis
1592 1279 1857 1334 scripsimus
1880 1279 2157 1322 notificando

536 1349 665 1391 vobis
706 1349 960 1401 victoriam,
1005 1363 1140 1404 quam
1181 1350 1227 1391 in
1261 1350 1429 1392 virtute
1461 1350 1544 1392 Dei
1577 1350 1854 1392 obtinuimus
1887 1351 1941 1392 de
1973 1349 2156 1406 perfidis

538 1418 801 1462 Sarracenis
850 1423 893 1462 et
940 1420 1210 1475 requirendo
1258 1434 1309 1462 ac
1356 1422 1560 1475 rogando
1608 1434 1688 1463 vos
1731 1435 1783 1463 ex
1824 1425 1954 1476 parte
1993 1420 2076 1462 Dei
2115 1423 2158 1462 91

532 1493 692 1533 nostra
723 1491 769 1532 in
801 1490 1012 1533 universe
1046 1491 1395 1535 christianitatis
1428 1491 1686 1544 utilitatem,
1720 1495 1768 1533 ut
1802 1492 2004 1534 obtinere
2027 1491 2157 1533 debe-

530 1561 641 1604 retis
675 1575 775 1603 cum
809 1561 990 1603 domino
1024 1576 1200 1604 summo
1234 1562 1446 1617 pontifice
1478 1562 1638 1614 modis,
1674 1563 1837 1618 quibus
1870 1562 2157 1618 providencie

537 1634 683 1674 vestre
725 1632 881 1674 utilius
914 1632 1156 1683 videretur,
1191 1633 1311 1688 quod
1345 1634 1401 1675 ad
1434 1633 1771 1689 expedicionem
1805 1632 1980 1688 negocii
2010 1632 2156 1683 huius,

535 1703 655 1758 quod
696 1703 886 1758 agimus,
927 1707 971 1745 et
1003 1703 1275 1758 specialiter,
1309 1708 1358 1745 ut
1390 1717 1501 1746 vasa
1533 1704 1709 1746 marina
1743 1704 1789 1745 in
1822 1704 1984 1746 strictu
2015 1703 2156 1745 maris

529 1773 742 1815 continue
780 1773 924 1815 teneri
956 1778 1155 1829 possent,
1189 1787 1332 1829 usque
1363 1775 1419 1816 ad
1441 1775 1587 1817 tocius
1610 1775 1785 1830 negocii
1807 1774 2156 1830 acquisicionem

530 1846 576 1886 et
622 1844 981 1900 expedicionem,
1033 1844 1340 1899 provisionem
1387 1846 1685 1901 apostolicam
1731 1845 1965 1887 adhiberet
2013 1851 2055 1887 et
2103 1846 2156 1887 de

531 1915 790 1970 sumptibus
823 1915 1097 1970 provideret,
1132 1917 1355 1971 quodque,
1390 1916 1428 1959 si
1460 1930 1541 1959 vos
1573 1916 1618 1957 in
1643 1917 1767 1958 curia
1789 1930 1877 1958 non
1902 1916 2075 1966 essetis,
2100 1917 2157 1958 ad

530 1987 723 2028 eandem
756 1986 1059 2042 personaliter
1093 1987 1381 2039 accederetis,
1413 1990 1550 2042 prout
1581 1987 1754 2042 largius
1787 1988 1868 2030 hec
1901 1991 1943 2029 et
1976 1986 2156 2042 singula

532 2056 662 2099 vobis
696 2056 1052 2112 significavimus
1075 2071 1156 2113 per
1178 2057 1379 2099 litteram
1407 2058 1716 2113 supradictam
1737 2092 1744 2099 .
1765 2092 1772 2099 .
1795 2091 1803 2099 .
1827 2057 2155 2100 Nichilominus

533 2127 663 2169 vobis
695 2127 981 2183 presentibus
1015 2127 1292 2180 intimamus,
1327 2129 1443 2184 quod
1469 2141 1550 2183 pro
1574 2129 1808 2184 premissis
1832 2132 1875 2170 et
1898 2129 1998 2170 aliis
2019 2142 2154 2183 nego-

529 2198 611 2240 ciis
660 2198 951 2253 tangentibus
999 2198 1311 2254 supradictum
1357 2198 1579 2242 mittimus
1613 2200 1666 2241 de
1714 2199 1914 2255 presenti
1951 2200 2009 2241 ad
2047 2199 2156 2241 dicti

530 2268 702 2311 domini
748 2282 864 2324 pape
912 2269 1189 2324 presentiam
1236 2269 1499 2325 religiosum
1546 2271 1694 2312 virum
1737 2270 1927 2313 fratrem
1971 2271 2153 2312 Petrum

530 2339 727 2381 Marsilii
760 2340 812 2381 de
846 2339 1002 2381 ordine
1024 2339 1365 2382 Predicatorum
1400 2344 1442 2382 et
1465 2341 1498 2382 F
1502 2341 1730 2383 ortunium
1752 2341 1940 2383 Martini
1964 2341 2153 2383 militem

527 2410 583 2451 de
615 2409 869 2452 intencione
902 2413 1060 2452 nostra
1093 2411 1293 2465 plenarie
1327 2411 1609 2454 informatos.
1675 2411 1876 2468 Cumque
1909 2412 2153 2468 plurimum

527 2480 752 2536 expediat,
787 2481 907 2535 quod
945 2494 1025 2524 vos
1067 2481 1151 2523 hac
1184 2482 1366 2524 racione
1402 2517 1408 2523 .
1446 2516 1453 2523 .
1490 2516 1497 2524 .
1534 2483 1591 2524 ad
1623 2483 1792 2525 domini
1822 2496 1939 2539 pape
1972 2496 2152 2538 presen-

528 2551 644 2592 ciam
684 2551 987 2606 personaliter
1029 2553 1277 2604 accedatis,
1319 2554 1425 2595 dum
1468 2553 1580 2594 inibi
1626 2553 1794 2595 fuerint
1826 2553 1971 2596 nostri
2002 2554 2153 2595 nuncii

527 2621 791 2677 supradicti,
834 2621 942 2663 item
982 2622 1147 2665 iterato
1191 2637 1244 2664 ex
1286 2627 1417 2679 parte
1450 2624 1533 2665 Dei
1576 2628 1619 2666 et
1651 2629 1807 2667 nostra
1842 2628 1884 2666 et
1917 2625 1972 2666 ob
2007 2625 2151 2666 tocius

526 2690 887 2735 Christianitatis
919 2692 1162 2734 utilitatem
1195 2694 1533 2749 providenciam
1572 2698 1771 2737 vestram
1802 2695 2075 2750 requirimus
2109 2698 2152 2737 et

524 2776 757 2817 rogamus,
793 2763 1019 2818 quatinus,
1054 2763 1141 2806 nisi
1172 2764 1263 2806 iam
1298 2764 1505 2807 existatis
1538 2765 1583 2807 in
1617 2765 1741 2807 curia
1764 2765 1932 2821 papali,
1968 2766 2024 2807 ad
2048 2779 2151 2807 ean-

525 2834 627 2875 dem
675 2833 784 2876 visis
833 2834 1140 2888 presentibus,
1190 2835 1294 2877 licet
1342 2835 1470 2878 vobis
1516 2836 1680 2879 nimius
1728 2836 1859 2878 labor
1904 2836 2149 2888 incumbat,

526 2903 828 2958 personaliter
875 2905 1112 2947 accedatis.
1189 2906 1292 2947 Dat.
1334 2906 1379 2947 in
1420 2906 1653 2949 obsidione
1685 2906 1884 2949 Almerie
1915 2906 1971 2948 Π.
2006 2920 2150 2950 nonas

527 2972 807 3028 Septembris
843 2988 959 3017 anno
995 2989 1082 3030 quo
1117 2989 1255 3031 supra
1291 2976 1455 3031 [1309]

668 3055 751 3100 neg.
779 3057 846 3091 344
876 3057 901 3091 f.
928 3057 1009 3092 arv.
