2296 3512
1065 260 1383 299 —562—

553 387 643 423 CRD
662 387 764 422 5637.
803 386 861 422 Or.
880 386 963 430 Pap.
1002 386 1138 430 Spuren
1165 386 1260 421 eines
1285 385 1423 420 kleinen
1449 386 1585 420 runden
1611 387 1682 420 und
1707 386 1802 420 eines
1821 386 2035 430 spitzovalen

411 445 551 490 Siegels.
601 446 685 490 (Das
717 446 794 478 eine
822 443 1014 486 vielleicht,
1053 444 1103 479 als
1134 445 1194 479 das
1221 444 1456 479 Schriftsffick
1480 445 1559 478 dem
1584 444 1698 488 Kenig
1721 446 1866 489 gesandt
1890 445 2035 489 wurde.)

410 505 577 539 Adresse:
603 504 736 538 Messer
754 503 870 537 Pietro
889 502 1032 538 Marcho
1058 503 1215 537 tesorieri
1234 503 1362 537 domini
1380 503 1471 547 regis
1487 503 1669 546 Aragonie.
1712 503 1873 537 Manfred
1890 504 2035 547 Noctus,

411 563 578 597 oriundus
603 563 781 605 Lucanus,
820 561 906 595 civis
930 561 1188 604 Maioricensis,
1220 562 1339 596 wurde
1365 572 1420 595 am
1446 561 1501 598 30.
1528 561 1733 605 September
1760 562 1850 597 1308
1875 562 1929 596 bei
1954 572 2034 596 ver-

411 621 622 656 schiedenen
650 619 851 665 beglaubigt.
902 619 987 665 Reg.
1015 621 1081 655 341
1108 620 1133 654 f.
1161 621 1216 656 63.

412 787 509 828 369.
544 785 756 828 Manfred
778 786 834 828 de
856 786 997 829 Nocte
1018 786 1237 828 schliesst
1258 787 1323 827 im
1345 785 1517 828 Namen
1533 786 1718 840 Jaymes
1734 786 1801 828 Π.
1823 787 1913 828 mit
1928 787 2034 829 Flo—

409 868 519 899 renz
542 858 678 898 einen
703 857 907 910 Vertrag
932 869 1015 899 zur
1039 858 1316 909 Eroberung
1343 854 1630 899 SardinienS.
1664 855 1798 910 (1316
1813 857 2035 912 Januar‘ss)

549 938 603 980 In
634 938 719 980 Dei
749 938 930 981 nomine
964 952 1106 980 amen.
1169 937 1477 993 Infraseiptia)
1512 941 1617 980 sunt
1649 940 1780 980 tenor
1812 941 1855 980 et
1886 937 2036 981 forma

409 1011 648 1065 pactorum
688 1009 905 1051 initorum
947 1011 990 1051 et
1031 1008 1256 1051 factorum
1297 1008 1416 1050 inter
1449 1008 1695 1051 discretum
1726 1009 1875 1050 virum
1907 1009 2034 1051 Man-

409 1079 585 1122 fredum
620 1079 691 1121 del
723 1081 863 1122 Nocte
897 1081 950 1122 de
972 1079 1186 1122 Maiolica
1216 1079 1578 1121 ambaxiat-orem
1599 1078 1792 1122 illustris
1815 1079 2034 1135 principis

411 1153 454 1192 et
486 1150 670 1202 domini,
704 1150 875 1192 domini
906 1150 1067 1192 Jacobi
1089 1150 1173 1192 Dei
1205 1149 1358 1205 gratia
1389 1149 1510 1204 regis
1537 1150 1804 1204 Aragonum
1829 1152 2035 1205 exparte

409 1233 501 1263 una
535 1223 578 1262 et
612 1234 799 1263 comune
830 1220 1058 1263 Florentie
1091 1234 1144 1262 ex
1176 1223 1308 1276 parte
1341 1219 1498 1262 altera.

549 1290 781 1345 Imlffimis
814 1291 995 1346 quidem
1028 1291 1173 1334 dictus
1204 1289 1467 1333 Manfredus
1501 1290 1790 1333 ambaxiator
1822 1291 2033 1346 obtulitb)

410 1363 454 1403 et
496 1360 755 1417 pr0m[isit],
805 1362 925 1417 qnod
965 1361 1172 1417 prefatus
1214 1362 1422 1404 dominus
1454 1374 1535 1403 rex
1568 1375 1669 1403 cum
1701 1361 1960 1403 honorabili
1991 1364 2036 1403 et

408 1431 583 1487 potenti
626 1431 818 1474 exfortio
864 1435 908 1474 et
950 1432 1163 1485 exercitu,
1216 1432 1396 1488 qualem
1437 1432 1648 1474 videficet
1690 1433 1816 1474 decet
1858 1432 2034 1488 regiam

408 1502 708 1555 maiestatem,
742 1502 1046 1558 personaliter
1067 1503 1349 1558 ingredietur
1371 1503 1475 1545 hinc
1499 1504 1557 1545 ad
1579 1503 1798 1545 kalendas
1822 1502 2034 1545 Octobris

408 1572 613 1628 proxime
656 1575 873 1616 venturas
914 1573 1111 1616 insulam
1145 1572 1361 1616 Sardinee
1407 1577 1451 1616 et
1487 1574 1553 1616 ibi
1593 1574 1815 1616 trahendo
1856 1587 2033 1616 moram

410 1643 674 1699 procurabit
713 1657 797 1699 pro
841 1644 1015 1687 viribus
1054 1644 1147 1687 suis
1179 1644 1327 1700 ipsam
1358 1644 1559 1687 insulam
1598 1658 1676 1687 sue
1708 1644 1897 1687 dictioni
1929 1644 2033 1687 sub-

408 1714 608 1756 mitttere
660 1716 702 1755 et
753 1714 902 1769 ipsam
950 1714 1127 1757 auferre
1175 1716 1229 1758 de
1275 1718 1505 1771 potestate
1553 1718 1596 1758 et
1642 1715 1854 1758 manibus
1908 1715 2034 1758 Pisa-

408 1798 582 1827 norum.

547 1856 662 1897 Item
695 1856 903 1898 convenit
940 1858 983 1898 et
1016 1856 1180 1899 obtulit
1213 1857 1359 1900 dictus
1395 1856 1684 1899 ambaxiator
1717 1870 1818 1898 omn
1852 1857 2035 1899 comuni

408 1925 659 1978 Florentie,
721 1928 840 1982 quod
894 1927 1040 1970 dictus
1093 1928 1301 1970 dominus
1355 1941 1434 1969 rex
1482 1928 1652 1970 armari
1698 1926 1835 1969 faciet
1881 1928 2033 1969 decem

409 1997 562 2051 galeas
606 1997 819 2052 ipsasque
866 1998 1017 2040 mittet
1062 2011 1220 2040 versus
1255 1999 1422 2040 dictam
1454 1998 1664 2051 insulam,
1711 2001 1763 2040 ut
1805 1997 2035 2041 hostiliter

409 2067 666 2109 discurrant
699 2071 857 2111 contra
887 2069 1076 2111 Pisanos
1111 2072 1155 2111 et
1184 2068 1353 2112 Sardos
1387 2083 1631 2124 eorumque
1664 2070 1783 2111 bona
1815 2068 2034 2125 diripiant

410 2140 454 2179 et
501 2138 745 2181 transitum
793 2139 1045 2195 impediant
1093 2141 1146 2182 de
1195 2140 1378 2182 chatate
1419 2140 1628 2182 Pisarum
1678 2140 1734 2181 ad
1780 2139 2033 2195 predictam

408 2208 618 2251 insulam.
681 2210 739 2251 Et
770 2211 976 2265 predicta
1007 2210 1143 2253 faciet
1176 2217 1218 2252 et
1249 2211 1515 2266 procurabit
1546 2211 1612 2252 ita
1645 2214 1688 2252 et
1709 2210 1877 2262 taliter,
1913 2211 2033 2266 quod

408 2280 608 2334 predicte
651 2280 776 2335 galee
821 2284 952 2323 erunt
994 2283 1050 2323 ad
1088 2282 1293 2337 predicta
1324 2280 1531 2324 facienda
1564 2280 1637 2337 [in]
1670 2281 1876 2324 kalendis
1907 2280 2032 2323 Junii

408 2350 630 2405 proximis
662 2351 876 2393 venturis.

548 2420 663 2462 Item
696 2423 815 2476 quod
846 2422 1017 2464 tenebit
1051 2426 1094 2464 et
1126 2422 1343 2465 tractabit
1376 2423 1544 2465 amicos
1579 2426 1622 2464 et
1654 2422 1801 2465 socios
1829 2422 2031 2464 comunis

408 2489 634 2532 Florentie
668 2490 852 2534 Guelsos
885 2495 1105 2548 tanquam
1139 2507 1244 2536 suos
1280 2493 1463 2535 amicos.

551 2577 580 2615 a)
606 2571 832 2616 Infrascripte
858 2575 957 2608 Aust.
1020 2575 1050 2619 b)
1077 2574 1198 2609 octulit
1222 2575 1357 2608 immer.

408 2678 483 2712 sich
507 2678 571 2711 mit
596 2678 701 2711 ihnen
727 2679 859 2712 treffen
886 2680 987 2723 wird„
1021 2680 1090 2713 will
1116 2692 1154 2714 er
1179 2681 1398 2714 bestimmen.
1449 2680 1645 2714 Besonders
1671 2679 1734 2714 soll
1760 2680 1821 2713 der
1846 2679 1959 2722 Konig
1985 2689 2030 2712 an

410 2736 580 2771 Orlandus
596 2736 723 2770 Marini
747 2737 851 2772 iudex
877 2738 919 2772 de
936 2738 1111 2773 Florentia
1137 2739 1329 2781 schreiben,
1356 2740 1418 2773 der
1443 2740 1550 2773 sehon
1570 2739 1623 2773 bei
1641 2739 1703 2772 der
1721 2740 1837 2772 ersten
1856 2737 2027 2771 Gesandt-

411 2795 525 2829 schaft
551 2805 638 2828 war:
665 2795 728 2829 Est
752 2795 834 2839 vigil
860 2798 895 2830 et
919 2800 1063 2840 prontus
1088 2802 1252 2842 tanquam
1270 2798 1383 2832 homo.
1412 2798 1524 2842 quise
1542 2800 1680 2841 reputat
1696 2796 1903 2830 familiarem
1920 2795 2029 2829 nostri

409 2853 549 2888 domini.
600 2854 712 2897 Konig
736 2854 915 2888 Friedrich
940 2856 1003 2889 soll
1029 2856 1211 2900 angeblich
1236 2858 1300 2890 mit
1325 2857 1405 2891 Pisa
1431 2857 1487 2890 ein
1513 2856 1658 2891 Schutz-
1685 2855 1755 2889 und
1772 2854 2029 2889 Trutzbiindnis

409 2912 618 2955 schliessen,
651 2913 812 2946 woriiber
837 2914 891 2947 die
916 2914 1135 2949 Florentiner
1159 2916 1230 2949 und
1256 2915 1321 2949 alle
1348 2915 1497 2949 Guelfen
1523 2915 1604 2949 sehr
1628 2914 1760 2957 traurig
1785 2913 1870 2947 sind.
1921 2913 2030 2946 Bittet

409 2983 469 3006 um
493 2971 656 3015 Sendung
681 2982 749 3005 von
775 2972 820 3006 50
846 2972 981 3007 Gulden
1007 2974 1116 3007 durch
1135 2974 1370 3018 Vermittlung
1393 2985 1462 3008 von
1487 2973 1708 3017 Mitgliedern
1733 2973 1794 3006 der
1811 2972 2030 3006 Florentiner

410 3029 641 3065 Gesellsehaft
667 3030 905 3067 Cornacchini.
