2296 3512
1057 256 1372 296 —702—

401 382 644 424 citudinem
682 383 834 433 habui,
875 387 971 424 tum
1010 383 1117 438 quia
1154 397 1234 424 rex
1272 384 1498 426 Robertus
1539 396 1627 425 non
1661 387 1760 426 erat
1789 384 1836 426 in
1868 397 2022 439 regno,

400 456 496 495 tum
521 453 640 509 quia,
664 454 770 495 dum
795 467 938 495 essem
962 453 1007 494 in
1030 453 1283 507 Provincia,
1307 454 1424 496 sicut
1446 453 1575 495 vobis
1602 453 1932 508 signifficavia),
1955 488 1962 494 .
1984 488 1991 495 .
2014 488 2020 495 .

398 537 487 566 non
521 523 642 565 clare
675 523 885 578 colligere
918 524 1047 579 potui
1079 524 1211 579 signa
1243 538 1365 580 spey.
1428 525 1486 566 Et
1517 524 1617 566 ideo
1654 525 1834 580 penitus
1870 524 2025 566 destiti

399 593 691 650 sollicitareb)
741 594 912 636 exinde.
989 593 1105 646 Quid
1158 597 1307 637 autem
1356 609 1494 650 super
1540 595 1625 637 hoc
1671 595 1905 638 volueritis
1952 608 2024 636 me

398 664 639 715 facturum,
687 664 858 715 00501ος
903 667 972 706 set
1002 664 1088 707 hoc
1120 665 1227 717 scio,
1263 666 1382 721 quod
1415 666 1536 708 Deus
1568 665 1614 707 in
1646 666 1854 721 proximo
1887 679 2025 721 super

398 734 482 776 hoc
527 737 571 776 et
616 734 717 777 aliis
762 734 910 777 dubiis
959 735 1088 790 plene
1135 736 1262 778 vobis
1307 736 1480 792 aperiet
1521 736 1682 778 ianuas
1724 736 2021 779 certitudinis.

398 804 544 857 Quem
591 818 764 860 precor,
814 808 865 847 ut
911 806 1089 861 plenius
1138 809 1413 860 conservetc)
1467 809 1510 848 et
1558 807 1828 850 consoletur.
1916 807 2021 848 Dat.

399 876 606 918 Messane
638 876 689 917 V.
724 877 838 931 ydus
869 876 1131 931 J[a]nuarii.

539 945 628 981 CRD
670 945 800 986 10921,
851 945 909 981 Or.
947 946 1030 990 Pap.
1080 947 1159 981 Von
1197 947 1258 980 der
1289 947 1392 980 Hand
1421 947 1570 981 Arnalds
1608 958 1677 981 von
1708 946 1900 981 Villanova.
1950 947 2024 981 Der

399 1008 491 1038 erste
518 1004 646 1038 Absatz
672 1005 771 1039 weist
795 1005 886 1039 wohl
912 1005 973 1039 auf
1000 1005 1066 1039 den
1091 1005 1209 1039 Bruch
1235 1006 1378 1049 Jaymes
1402 1006 1467 1039 mit
1490 1005 1621 1040 Amald
1646 1005 1717 1040 hin.

396 1138 495 1177 441.
529 1134 686 1189 Kiinig
718 1135 964 1178 Friedrich
996 1148 1053 1177 an
1085 1135 1294 1189 Kiinigin
1325 1137 1472 1178 Maria
1503 1147 1591 1179 von
1623 1136 1881 1178 Kastilien:
1914 1136 2021 1177 Erz-

396 1206 586 1249 bischof
602 1207 965 1248 Bartholomaus
999 1218 1087 1249 von
1112 1207 1328 1248 Palermo
1346 1207 1430 1248 hat
1446 1206 1535 1248 den
1562 1207 1676 1248 Plan
1702 1208 1833 1248 einer
1853 1206 2024 1248 Heirat

396 1278 624 1319 zwischen
661 1277 825 1319 Infant
855 1278 1048 1331 Philipp
1086 1277 1182 1319 und
1220 1279 1376 1320 seiner
1414 1278 1616 1320 altesten
1647 1277 1849 1320 Τοῦ-11101·
1880 1277 2022 1331 (Kon-

397 1348 574 1402 stanze)
619 1349 738 1390 ohne
782 1349 882 1390 sein
920 1348 1104 1390 Wissen
1149 1349 1397 1401 angel-egt3
1443 1360 1494 1390 50
1540 1349 1650 1391 sehr
1694 1360 1747 1390 er
1787 1348 1863 1389 die
1898 1347 2023 1389 Ehre

396 1419 594 1471 semitm,
627 1421 781 1461 iniisse
813 1430 866 1460 er
887 1419 1132 1472 ablehllen,
1165 1419 1223 1460 da
1245 1419 1372 1461 seine
1394 1418 1598 1461 Tochter
1619 1419 1739 1461 noch
1762 1418 1885 1460 allzu
1901 1417 2023 1472 Jung

396 1490 465 1531 sei
509 1489 604 1531 und
648 1500 700 1531 er
740 1490 868 1531 501110
900 1489 1083 1532 Kiuder
1124 1490 1347 1531 zun‘achst
1387 1502 1478 1531 nur
1520 1489 1609 1531 den
1648 1491 1826 1542 ewigen
1863 1487 2023 1542 Kiinig

394 1559 550 1601 lieben
582 1559 714 1602 lehre
745 1559 839 1601 und
871 1560 940 1601 sie
966 1560 1124 1614 spii-ter
1146 1559 1240 1601 frei
1262 1560 1443 1602 wahlen
1464 1560 1601 1602 lasse.
1648 1561 1848 1602 Messina
1869 1558 2021 1614 (1311)

1067 1631 1246 1674 Januar
1277 1630 1349 1673 30.

538 1725 736 1767 Litteras
775 1725 1033 1767 serenitatis
1075 1725 1294 1767 Alfonsus
1326 1724 1547 1767 Johannis
1585 1725 1706 1767 lator
1736 1723 2020 1780 presencium

396 1795 526 1838 nobis
570 1796 785 1847 exhibuit,
829 1809 1023 1851 quarum
1066 1800 1222 1837 tenore
1264 1795 1581 1851 comperimus,
1615 1797 1735 1852 quod
1767 1799 1862 1837 tam
1894 1808 2020 1849 mag-

396 1866 529 1908 nifico
562 1867 743 1909 domino
777 1867 875 1922 regi
908 1865 1104 1909 Castelle
1144 1866 1239 1908 filio
1278 1870 1431 1909 vestro
1466 1880 1602 1922 quam
1637 1866 1764 1909 vobis
1797 1865 2022 1922 placuerit

397 1938 621 1990 ordinare,
670 1939 789 1992 quod
835 1937 955 1979 inter
1002 1937 1227 1980 illustrem
1277 1938 1508 1979 dominum
1555 1937 1815 1993 Philippum
1863 1939 2021 1978 natum

396 2010 598 2050 vestrum
638 2011 682 2050 et
718 2009 1071 2064 primogenitam
1112 2012 1317 2051 nostram
1359 2008 1700 2051 matrimonium
1742 2008 2021 2050 tractaretur

397 2080 455 2121 ad
487 2079 824 2134 suggestionem
855 2079 1090 2121 reverendi
1122 2079 1268 2135 patris
1302 2079 1472 2121 domini
1504 2079 1814 2121 Bartholomei
1838 2090 2021 2119 venera-

397 2149 501 2191 bilis
554 2150 885 2206 archiepiscopi
936 2150 1262 2203 Panormitani,
1311 2149 1634 2205 consanguinei
1682 2152 1726 2191 et
1773 2147 2021 2191 consiliarii

396 2220 598 2273 nostri,1)
648 2221 724 2277 qui
773 2222 825 2263 de
873 2221 1099 2263 industria
1147 2234 1226 2263 sue
1278 2220 1554 2264 sinceritatis
1606 2223 1760 2276 preter
1814 2222 2021 2262 nostram

397 2291 638 2334 scienciam
670 2292 755 2334 hoc
788 2291 932 2334 voluit
963 2305 1245 2347 promovere.
1308 2292 1375 2334 De
1399 2304 1487 2346 quo
1509 2294 1711 2333 tractatu
1732 2290 2020 2333 notificamus

396 2364 546 2404 vestre
578 2362 825 2415 serenitati,
860 2363 979 2418 quod
1003 2363 1114 2404 adeo
1138 2365 1298 2418 gratus
1323 2364 1441 2405 esset
1464 2362 1595 2404 nobis
1617 2365 1668 2404 ut
1685 2361 1814 2405 vobis
1838 2365 1882 2402 et
1904 2363 2020 2403 cete-

397 2432 460 2474 ris
485 2433 677 2474 dominis
699 2433 952 2488 prelibatis,
976 2433 1015 2474 si
1036 2432 1135 2474 fieri
1164 2436 1320 2488 posset
1354 2433 1524 2488 absque
1556 2432 1649 2475 ullo
1681 2432 2018 2488 impedimento.

398 2501 476 2545 Set
517 2503 603 2545 duo
644 2508 761 2557 sunt,
805 2517 890 2559 que
931 2506 1179 2545 tractatum
1222 2503 1354 2545 valde
1395 2503 1647 2559 impediunt
1686 2505 1730 2545 et
1760 2503 2017 2544 retardant:

396 2573 598 2615 Primum
637 2577 717 2627 est,
758 2575 864 2629 quia
901 2574 996 2616 filia
1027 2577 1186 2616 nostra
1218 2574 1424 2629 predicta
1456 2573 1590 2616 nimis
1624 2574 1770 2616 adhuc
1801 2574 1856 2615 ab
1890 2571 2019 2614 annis

396 2644 626 2686 nubilibus
651 2645 901 2700 elongatur.
965 2644 1219 2687 Secundum
1243 2647 1323 2697 est,
1349 2645 1456 2701 quia
1477 2657 1559 2687 nos
1581 2644 1871 2696 intendimus,
1899 2642 2019 2698 quod

397 2715 443 2756 in
491 2715 698 2757 omnibus
744 2715 901 2758 liberis
947 2715 1117 2758 nostris
1166 2728 1264 2757 eam
1312 2716 1517 2770 regulam
1571 2715 1875 2766 observemus,
1929 2726 2019 2768 qna

397 2787 575 2828 nosmet
625 2785 750 2841 ipsos
807 2787 864 2828 ad
914 2786 999 2828 Dei
1050 2785 1317 2841 obsequium
1379 2786 1651 2838 ordinemus,
1713 2784 1830 2827 sicut
1882 2783 2019 2825 ceteri

399 2855 647 2899 Christiani
684 2856 844 2898 melius
877 2870 1013 2912 quam
1055 2869 1137 2899 nos
1178 2856 1375 2912 regulati
1414 2870 1461 2899 se
1492 2857 1718 2908 ordinant,
1751 2854 1935 2907 scilicet,
1968 2856 2018 2896 ut

467 2925 521 2952 440
539 2933 568 2967 a)
594 2926 660 2959 Ein
685 2926 789 2959 Wort
812 2926 913 2960 fehlt.
964 2927 995 2969 b)
1021 2925 1198 2961 sollicitari
1225 2926 1283 2960 Or.
1338 2928 1366 2970 c)
1393 2936 1454 2960 vos
1478 2925 1569 2959 fehlt
1593 2924 1694 2959 wohl.

467 3031 519 3058 441
541 3031 565 3075 1)
591 3031 631 3066 Β.
657 3032 699 3065 (10
725 3031 921 3074 Antiochia,
947 3031 1017 3066 also
1043 3042 1112 3065 von
1137 3032 1199 3065 der
1224 3031 1439 3066 staufischen
1465 3031 1556 3066 Seite
1582 3030 1645 3064 her
1669 3029 1859 3063 verwandt.
