2296 3512
849 276 1167 316 -869—

198 405 251 446 de
284 402 589 446 admiracione
616 402 787 445 domini
818 402 954 457 regis,
990 416 1125 457 quam
1152 403 1289 445 habet
1324 404 1376 445 de
1408 417 1493 456 me,
1528 403 1634 458 quia
1663 402 1820 444 videor

198 474 350 516 venire
384 477 543 516 contra
587 474 850 515 mandatum
885 472 1184 528 apostolicum
1224 474 1360 515 michi
1391 473 1575 516 factum.
1640 472 1818 526 Sciatis,

197 545 331 600 quod,
366 543 482 586 sicut
513 557 601 585 non
644 544 797 596 debeo,
846 543 911 586 sic
941 557 1023 585 nec
1057 544 1209 598 aliquo
1249 546 1383 586 modo
1427 545 1611 587 intendo
1659 543 1818 596 facere,

196 628 299 671 ymo
338 614 440 657 volo
473 614 622 669 ipsum
661 628 743 670 per
775 614 927 656 omnia
965 614 1221 657 observare.
1285 617 1385 657 Non
1418 619 1487 658 est
1525 615 1643 657 enim
1673 615 1819 658 inten-

198 685 339 728 cionis
371 698 481 737 mee,
523 684 694 740 aliquid
726 685 926 740 recipere
959 686 1012 727 de
1044 685 1262 740 peccunia
1295 686 1477 739 decime,
1519 699 1604 741 que
1637 685 1818 728 domino

194 756 293 811 regi
310 756 510 798 debetur.
544 757 709 798 Ymmo
725 755 764 798 si
781 755 953 810 aliquid
967 756 1251 811 recepissem,
1272 757 1391 811 quod
1408 769 1498 798 non
1516 756 1614 809 feci,
1628 759 1818 812 paratus

198 840 296 869 sum
316 826 436 868 facto
455 829 664 881 compoto
683 840 784 868 cum
803 826 1120 869 collectoribus
1139 826 1233 869 suis
1250 826 1489 869 restituere
1507 827 1553 869 111
1572 826 1819 869 continenti

197 897 257 949 id,
288 897 406 952 quod
434 896 558 938 ultra
592 897 859 953 receperim3
891 910 971 939 nec
1000 897 1149 952 recepi
1175 897 1321 939 adhuc
1351 897 1405 938 ab
1443 897 1593 952 aliquo
1625 898 1818 952 prelato,

194 968 282 1009 nisi
323 980 349 1009 a
390 967 584 1010 dominis
617 968 942 1010 Barchionensi
981 970 1024 1009 et
1056 968 1323 1010 Dertusensi
1363 968 1586 1023 episcopis
1626 970 1815 1010 tantum.

195 1038 355 1093 Legati
373 1038 544 1080 domini
565 1039 711 1081 nostri
732 1052 822 1081 non
845 1039 1057 1081 dixerunt
1077 1038 1215 1081 michi
1241 1042 1502 1091 tractatum,
1527 1052 1659 1093 quem
1682 1052 1819 1094 super

192 1108 410 1164 peccunia
443 1110 612 1151 decime
644 1110 899 1152 habuerunt
928 1123 1028 1152 cum
1063 1109 1243 1152 domino
1276 1123 1395 1165 rege.
1458 1110 1585 1152 Unde
1619 1109 1657 1152 si
1680 1109 1818 1164 signi-

192 1178 390 1222 ficaretis
424 1194 524 1222 eum
550 1180 701 1234 michi,
725 1194 905 1236 possem
929 1194 1029 1222 cum
1051 1180 1164 1236 ipsis
1187 1180 1313 1236 loqui
1336 1195 1472 1236 super
1495 1194 1546 1222 eo
1571 1183 1614 1222 et
1637 1193 1815 1235 rogare,

195 1251 314 1305 quod
359 1251 657 1294 observarent
698 1254 944 1294 tractatum
990 1251 1152 1307 ipsum.
1216 1253 1447 1293 Audacter
1491 1251 1607 1294 sicut
1646 1250 1818 1293 amicus

193 1321 356 1364 dicatis
379 1322 561 1364 domino
593 1322 704 1377 regi,
740 1323 860 1378 quod
892 1323 937 1364 in
971 1323 1194 1375 omnibus,
1229 1337 1314 1378 que
1346 1326 1522 1378 potero,
1546 1336 1646 1365 sum
1671 1324 1715 1363 et
1741 1334 1817 1363 ero

195 1405 374 1448 semper
434 1394 490 1435 ad
553 1393 793 1435 servicium
850 1407 1004 1446 suum,
1063 1393 1191 1436 salva
1247 1393 1508 1436 obediencia
1570 1392 1818 1449 apostolice

192 1462 323 1505 sedis.
386 1463 445 1505 Et
474 1463 580 1505 licet
611 1463 845 1506 habuerim
878 1464 924 1506 in
956 1464 1185 1506 mandatis
1219 1478 1245 1506 a
1274 1464 1457 1506 domino
1491 1467 1648 1507 nostro
1681 1477 1816 1519 papa,

191 1534 310 1589 quod
344 1534 646 1589 quantitatem
679 1534 776 1576 VH.
810 1534 921 1576 mill.
951 1535 1067 1586 libr.,
1092 1536 1145 1577 de
1169 1535 1331 1589 quibus
1355 1535 1519 1591 agitur,
1544 1536 1601 1578 ad
1626 1547 1811 1576 manum

190 1617 337 1646 meam
376 1605 584 1647 deberem
631 1606 831 1661 recipere
879 1610 922 1648 et
968 1605 1163 1648 fideliter
1203 1619 1485 1658 conservare,
1525 1605 1814 1648 medietatem

191 1674 400 1717 videlicet
441 1689 494 1717 ex
535 1675 684 1732 prima
722 1676 960 1729 solutione,
1001 1690 1087 1732 que
1124 1677 1247 1719 facta
1278 1676 1365 1719 fuit
1396 1677 1442 1719 in
1475 1676 1680 1732 proxime
1713 1689 1814 1731 pre-

191 1746 326 1788 terito
370 1745 486 1789 festo
532 1747 745 1789 Omnium
789 1752 1051 1791 sanctorum
1097 1751 1140 1790 et
1177 1747 1399 1803 reliquam
1439 1748 1726 1790 medietatem
1761 1760 1814 1788 ex

193 1816 429 1869 solutione,
470 1830 555 1872 que
593 1817 801 1860 facienda
834 1821 902 1860 est
933 1819 979 1860 in
1012 1821 1202 1861 venturo
1235 1819 1352 1862 festo
1385 1821 1690 1874 pentecostes:
1724 1830 1813 1859 non

192 1889 343 1929 tamen
368 1888 507 1930 habui
538 1888 584 1931 in
616 1890 845 1932 mandatis
872 1889 1041 1932 dictam
1063 1889 1326 1945 peccuniam
1351 1891 1408 1932 ad
1431 1889 1604 1932 curiam
1627 1888 1815 1930 mitendi

192 1958 261 1999 vel
296 1958 429 2000 alicui
459 1960 669 2002 tradendi
697 1963 766 2003 set
789 1974 901 2012 eam,
926 1965 976 2002 ut
1000 1960 1266 2016 predicitur,
1291 1960 1601 2003 conservandi.
1652 1958 1814 2013 Sicque

193 2028 429 2084 displicere
461 2044 550 2072 non
583 2032 714 2073 debet
746 2031 927 2073 domino
960 2032 1071 2087 regi,
1107 2031 1213 2087 quia
1246 2045 1272 2073 a
1304 2031 1492 2087 prelatis
1524 2031 1653 2073 iuxta
1687 2043 1813 2072 mau-

192 2100 348 2141 datum
388 2101 688 2155 apostolicum
721 2105 825 2158 peto
860 2103 1047 2145 eandem
1082 2137 1090 2144 .
1125 2136 1133 2143 .
1171 2137 1178 2144 .
1244 2101 1424 2155 Sciatis,
1465 2102 1651 2158 insuper
1693 2102 1815 2156 quod

192 2170 340 2212 scribo
386 2171 567 2213 domino
613 2172 823 2229 episcopo
869 2173 1125 2225 Valentino,
1170 2176 1221 2216 ut
1264 2173 1459 2215 retineat
1504 2175 1547 2214 et
1590 2172 1725 2214 mitat
1768 2172 1815 2213 in

192 2241 497 2283 Tarraconam
543 2243 595 2284 de
639 2243 856 2298 peccunia
900 2243 1070 2286 decime
1118 2258 1197 2286 sue
1245 2243 1437 2286 diocesis
1487 2243 1668 2285 domino
1718 2242 1815 2298 regi

192 2324 400 2354 concesse
418 2310 643 2355 DCXLVI
657 2313 759 2355 libr.
781 2314 937 2356 Barch.
958 2316 1015 2357 ad
1033 2314 1413 2370 complementum
1432 2314 1691 2357 medietatis
1714 2313 1812 2355 VII.

192 2382 300 2424 mill.
335 2382 388 2424 D.
423 2382 523 2425 libr.
565 2397 664 2426 cum
706 2385 919 2439 peccunia
964 2385 1251 2440 episcopatus
1284 2385 1490 2429 Vicensis
1530 2388 1574 2427 et
1606 2385 1812 2427 dimitam

193 2452 373 2495 domino
405 2453 502 2508 regi
531 2455 792 2508 peccuniam
825 2456 1016 2499 diocesis
1047 2456 1307 2509 Ilerdensis,
1341 2470 1425 2511 (1116
1461 2459 1528 2499 est
1559 2456 1605 2498 in
1626 2456 1813 2498 Jaccen-

191 2523 329 2576 sibus,
360 2538 416 2566 ne
447 2525 639 2566 habeam
673 2525 820 2567 facere
853 2527 1079 2568 cambium
1104 2528 1157 2569 de
1180 2529 1349 2569 eadem.
1415 2561 1422 2569 .
1449 2561 1457 2569 .
1484 2561 1491 2569 .
1525 2529 1626 2570 Dat.
1650 2526 1809 2568 Terra-

192 2606 301 2636 cone
333 2595 415 2637 sub
448 2595 599 2650 sigillo
632 2598 787 2638 nostro
821 2599 994 2639 secreto
1026 2598 1104 2639 XI.
1139 2598 1358 2641 kalendas
1389 2598 1640 2641 Februarii.

332 2664 422 2700 CRD
443 2664 486 2699 10
494 2666 573 2700 453.
613 2665 670 2700 Or.
691 2665 772 2709 Pap.
787 2665 862 2709 Ssp.
907 2666 1179 2701 Unzweifelhaft
1196 2668 1260 2702 mit
1278 2668 1358 2702 dem
1376 2668 1495 2702 Briefe
1513 2679 1594 2702 vom
1614 2667 1667 2702 10.
1681 2668 1703 2701 J
1705 2677 1813 2701 anuar

192 2723 284 2759 1326
309 2725 690 2768 zusammenhangend,
729 2725 837 2759 worin
875 2725 936 2759 der
962 2725 1168 2761 Erzbischof
1205 2727 1283 2761 dem
1309 2727 1424 2772 Konig
1450 2726 1618 2761 schreibt:
1651 2727 1698 2761 Er
1723 2726 1811 2760 habe

190 2783 311 2818 seinen
327 2783 427 2817 Brief
453 2782 628 2817 erhalten:
655 2794 717 2817 vos
734 2783 958 2827 intellexisse,
985 2785 1076 2828 quod
1099 2785 1369 2829 requisieramus
1396 2785 1546 2830 prelatos
1570 2786 1812 2830 suffraganeos

191 2844 337 2885 nostros,
365 2844 403 2876 ut
428 2842 631 2886 peccuniam
657 2842 790 2877 decime
816 2842 996 2886 biennalis,
1023 2854 1089 2887 que
1115 2844 1151 2877 in
1176 2845 1334 2888 proximo
1353 2845 1518 2889 preterito
1536 2845 1684 2878 termino
1702 2843 1814 2879 soluta

191 2901 316 2943 extitit,
356 2901 454 2935 nobis
478 2901 643 2935 miterent
667 2901 914 2943 Terraconam,
955 2912 1127 2946 quamque
1152 2902 1418 2938 intendebamus
1443 2903 1593 2937 retinere
1619 2905 1654 2937 et
1678 2903 1812 2938 solvere

190 2959 303 3003 papali
341 2970 494 3003 camere,
522 2990 529 2996 .
557 2988 564 2996 .
592 2988 599 2996 .
627 2962 769 3004 propter
800 2961 891 3004 quod
923 2971 985 2995 nos
1017 2961 1263 3005 requirebatis,
1302 2965 1340 2996 ut
1367 2991 1375 2998 .
1402 2992 1409 2999 .
1438 2989 1445 2996 .
1472 2963 1676 3006 peccuniam
1701 2962 1812 3006 ipsam

192 3018 325 3053 decime
349 3019 385 3053 in
410 3030 510 3063 posse
536 3019 748 3063 prelatorum
774 3030 848 3054 esse
874 3020 1152 3064 permiteremus,
1179 3020 1288 3055 eciam
1315 3021 1423 3065 quod,
1458 3021 1485 3055 si
1511 3021 1554 3055 de
1580 3021 1654 3065 ipsa
1679 3020 1812 3055 decima

191 3076 341 3112 biennali
359 3077 487 3122 aliquid
507 3089 614 3122 penes
631 3089 694 3113 nos
714 3080 798 3122 erat,
816 3077 901 3112 illud
915 3078 1156 3122 retineremus,
1176 3107 1184 3115 .
1204 3106 1212 3114 .
1233 3107 1239 3114 .
1258 3079 1409 3124 alioquin
1428 3079 1626 3124 displiceret
1640 3079 1735 3114 vobis
1751 3108 1758 3116 .
1778 3107 1785 3115 .
1802 3108 1810 3115 .
