2296 3512
852 277 1170 316 —645—

202 417 313 460 quas
346 403 521 445 noviter
560 403 689 446 nobis
726 402 929 455 misistis,
963 406 1132 446 statum
1170 418 1437 460 prosperum
1472 405 1641 447 domini
1672 406 1819 448 nostri

201 474 363 518 summi
404 473 630 529 pontificis
663 474 781 515 inter
823 476 972 515 cetera
1005 474 1295 518 continentes.
1359 477 1425 518 De
1458 490 1546 531 quo
1584 476 1700 518 letus
1733 476 1821 518 fuit

201 545 376 587 animus
409 547 565 586 noster
586 545 869 595 immensum,
898 547 1126 599 rogantes,
1161 548 1210 586 ut
1233 559 1368 601 super
1393 547 1480 588 hiis
1515 552 1556 589 et
1580 547 1696 599 aliis,
1730 561 1815 602 que

198 615 326 658 vobis
358 617 594 657 occurrent
627 618 670 656 et
696 614 914 666 videritis,
942 628 1024 657 nos
1046 615 1248 657 reddatis
1270 616 1556 671 frequencius
1581 618 1816 660 cerciores.

197 685 492 740 Privilegium
524 685 774 740 recepimus
808 698 944 740 super
975 685 1392 729 confirmationibus
1432 691 1741 742 exemptorum
1774 691 1819 730 et

199 756 320 798 aliud
352 769 488 811 super
521 755 881 798 absolutionibus
915 756 1273 811 i1npendendis2)
1298 760 1340 798 et
1367 758 1662 812 deprecamur
1689 760 1814 802 altis-

197 827 373 879 simum,
406 830 456 868 ut
497 826 721 869 retribuat
761 826 941 868 domino
974 830 1131 870 nostro
1176 828 1230 869 de
1271 830 1398 869 tanto
1439 829 1643 883 impenso
1684 831 1816 873 nobis

195 898 377 940 honore.
451 897 737 939 Mirabantur
784 898 901 940 enim
946 911 1114 950 omnes,
1164 898 1240 953 qui
1285 899 1542 951 audiebant,
1589 902 1708 955 quod
1751 902 1817 943 ita

194 968 301 1010 nudi
333 968 625 1020 venissemus,
659 968 775 1011 sicut
817 971 951 1010 antea
988 982 1269 1021 veneramus,
1309 970 1541 1012 credentes
1573 984 1655 1013 1105
1693 972 1817 1014 ultra

193 1052 326 1094 posse
357 1038 506 1081 facere
529 1052 664 1094 quam
686 1038 826 1094 legati
848 1039 938 1091 alii,
964 1039 1040 1094 qui
1062 1043 1294 1082 venerunt.
1359 1038 1504 1096 Super
1528 1041 1816 1097 indulgencia

192 1109 322 1152 nobis
370 1112 414 1151 et
460 1108 631 1151 familie
674 1113 828 1152 nostre
877 1111 1132 1165 concessaa)
1187 1111 1305 1153 idem
1351 1111 1558 1154 dominus
1606 1115 1812 1155 nostrum

191 1179 437 1235 plurimum
472 1180 671 1222 animum
703 1181 888 1223 ilaravit
920 1181 1130 1236 dictoque
1168 1181 1349 1224 domino
1383 1185 1536 1237 grates
1569 1186 1815 1239 propterea

193 1250 467 1293 exsolvimus
501 1251 721 1306 copiosas.
785 1252 946 1305 Hodie,
981 1252 1144 1307 quippe
1185 1253 1256 1294 die
1293 1253 1454 1295 martis
1487 1254 1609 1295 XIX.
1644 1255 1812 1297 mensis

190 1322 400 1376 Augusti,
445 1322 703 1364 Ferrariam
745 1322 1030 1376 intravimus,
1073 1323 1173 1365 sani
1215 1327 1257 1365 et
1297 1323 1447 1378 ylares
1491 1338 1572 1379 per
1609 1325 1812 1380 graciam

190 1392 450 1446 salvatoris,
497 1393 711 1435 associati
744 1407 824 1449 per
870 1393 1149 1437 venerabiles
1181 1397 1335 1450 patres
1375 1395 1580 1438 dominos
1613 1396 1811 1451 patriar-

191 1464 320 1506 cham
354 1464 705 1519 Aquilegensem
739 1468 782 1506 et
805 1464 1195 1521 archiepiscopum
1218 1465 1600 1508 Mediolanensem
1628 1470 1671 1508 et
1694 1467 1810 1522 epis-

190 1547 326 1590 copos
365 1535 707 1587 Bononiensem,
747 1535 1039 1585 Fesulanum,
1079 1536 1419 1589 Nouariensem,
1459 1537 1810 1590 Ferrariensem,

187 1605 470 1658 Imolensem,
512 1604 798 1648 Ceruiensem
842 1609 884 1648 et
924 1607 1221 1649 Teruisinum.
1285 1607 1414 1650 Alios
1454 1621 1560 1650 vero
1601 1608 1810 1650 licencia-

188 1687 400 1716 veramus
432 1675 536 1727 iam,
572 1675 779 1718 videlicet
802 1676 1222 1732 archipepiscopum
1249 1678 1657 1731 Rauennatensem,
1693 1680 1808 1735 epis-

189 1757 324 1800 copos
361 1746 641 1799 Paduanum,
670 1747 968 1801 Vicentinum,
1006 1748 1317 1801 Mantuanum,
1356 1749 1592 1805 Reginum,
1634 1750 1809 1793 Fauen-

186 1815 345 1868 tinum,
379 1816 748 1870 Foroiuliensem,
781 1818 861 1872 F3)
897 1852 904 1859 .
941 1852 948 1860 .
985 1853 1009 1871 .,
1041 1819 1389 1873 Ariminensem,
1424 1821 1730 1864 Bricxiensem
1766 1824 1810 1864 et

186 1886 220 1927 F
224 1888 618 1942 eretranensem.4)
680 1888 767 1930 Ubi
800 1901 899 1930 011111
932 1890 1105 1945 ingenti
1138 1891 1303 1945 gaudio
1339 1894 1381 1933 et
1416 1891 1728 1947 [exultatione]
1765 1895 1809 1934 et

186 1957 317 1998 totali
357 1957 524 2000 fuimus
565 1959 735 2001 honore
775 1960 958 2015 recepti,
997 1964 1212 2016 rogantes
1256 1961 1542 2015 altissimum,
1588 1963 1714 2006 0111115
1754 1977 1807 2006 ex

186 2030 316 2082 parte
348 2031 505 2070 nostra
536 2042 608 2072 res
633 2029 797 2084 agitur,
820 2034 870 2072 ut
892 2031 1147 2087 ingressum
1171 2032 1305 2075 simul
1331 2036 1549 2089 sequatur
1571 2047 1806 2090 regressus

187 2098 357 2140 exinde.
420 2100 488 2141 Ex
531 2100 662 2143 dictis
701 2104 851 2143 autem
889 2102 1154 2157 patriarcha
1193 2106 1236 2145 et
1276 2104 1628 2160 archiepiscopis
1662 2108 1705 2147 et
1736 2105 1804 2162 ip-

186 2182 339 2211 sorum
380 2170 624 2225 provinciis
664 2172 915 2215 subsidium
959 2174 1018 2215 .L.
1055 2174 1256 2229 equitum
1296 2175 1549 2230 recepimus
1595 2177 1650 2218 ab
1696 2190 1806 2219 una-

186 2253 364 2295 quaque
396 2241 630 2296 provincia
662 2244 905 2286 eorundem
936 2258 1020 2299 pro
1049 2245 1263 2300 [duo]bus
1291 2246 1521 2289 mensibus
1550 2250 1593 2289 et
1626 2249 1681 2289 ad
1706 2248 1804 2301 1100,

183 2313 235 2352 ut
265 2311 416 2353 nullus
448 2312 595 2366 possit
626 2313 809 2356 refferre
841 2316 1121 2358 contrarium
1153 2317 1200 2358 in
1243 2317 1465 2372 expensis,
1498 2331 1587 2360 non
1621 2321 1689 2360 est
1722 2319 1802 2360 ali-

185 2381 286 2437 quis
319 2382 541 2424 dictorum
564 2383 858 2438 prelatorum,
893 2387 969 2442 qui
993 2387 1178 2429 solverit
1211 2387 1257 2430 in
1280 2388 1364 2430 hac
1386 2388 1509 2430 ultra
1536 2388 1584 2431 C.
1607 2390 1802 2432 florenos

185 2465 285 2494 cum
321 2452 438 2495 clero
472 2467 550 2495 sue
583 2454 779 2499 civitatis
813 2460 856 2499 et
888 2457 1093 2510 diocesis,
1127 2459 1326 2514 exceptis
1353 2462 1504 2501 tamen
1531 2460 1691 2513 tribus,
1726 2460 1803 2516 qui

183 2523 414 2566 solverunt
447 2523 517 2567 GL
549 2525 758 2579 florenos,
792 2531 835 2569 et
866 2528 1184 2573 nichilominus
1227 2530 1432 2573 dedimus
1475 2530 1540 2573 eis
1572 2531 1800 2573 contribu-

181 2597 316 2637 tores.
380 2595 629 2651 Episcopus
663 2599 813 2639 tamen
846 2599 1094 2642 Brixiensis
1133 2615 1215 2656 per
1244 2615 1291 2644 se
1338 2601 1484 2643 solum
1518 2602 1640 2644 dedit
1672 2602 1801 2645 nobis

323 2680 351 2717 a)
378 2687 540 2712 concesse
565 2678 685 2721 Kopie.

322 2793 349 2838 ²)
374 2795 419 2829 Es
445 2795 490 2829 ist
514 2795 613 2829 nicht
636 2795 700 2829 mit
727 2796 921 2831 Sicherheit
946 2809 989 2832 zu
1015 2809 1130 2843 Sagen,
1168 2799 1301 2835 welche
1327 2801 1389 2835 der
1414 2800 1623 2846 Pn'vilegien
1653 2802 1688 2836 in
1715 2802 1798 2847 Reg.

180 2851 368 2888 Clementis
393 2854 424 2887 V
449 2853 512 2889 Nr.
539 2853 783 2897 5025-5053,
809 2855 1043 2892 5076—5079
1068 2858 1146 2892 hier
1169 2861 1323 2902 gemeint
1348 2860 1434 2894 sind.

320 2922 347 2967 3)
373 2924 427 2958 Da
457 2924 512 2958 die
543 2925 681 2959 Namen
711 2925 872 2960 mehrere
905 2927 966 2960 der
995 2927 1072 2962 hier
1102 2929 1139 2962 in
1168 2929 1336 2964 Betracht
1366 2931 1595 2966 kommenden
1627 2932 1797 2966 Dibcesen

178 2981 243 3015 mit
267 2982 296 3016 F
320 2982 507 3027 anfangen,
533 2983 578 3018 ist
603 2984 663 3018 das
687 2984 716 3018 F
740 2984 836 3019 nicht
860 2985 924 3018 mit
948 2985 1144 3021 Sicherheit
1169 2999 1213 3022 zu
1237 2988 1376 3025 deuten.

318 3052 346 3097 ⁴)
371 3053 606 3088 Montefeltro.
