2296 3512
1073 224 1389 264 —648—

427 352 620 407 sumptis
651 352 825 393 viribus
859 351 1098 393 associatis
1131 351 1218 393 sibi
1248 351 1456 406 pluribus
1490 350 1605 402 aliis,
1639 364 1724 406 que
1757 352 1810 393 de
1831 350 2037 394 Veneciis

427 426 780 477 supervenerant
822 421 868 462 in
913 434 1174 463 succursum
1217 422 1440 477 ipsorum,
1472 420 1667 476 repetita
1698 434 1850 477 pugna
1882 424 2040 463 contra

426 495 609 548 pontem
643 496 685 534 et
718 492 812 534 eius
845 492 1053 533 custodes
1086 494 1129 533 et
1160 492 1393 547 operarios
1425 505 1588 534 novam
1622 494 1666 533 et
1691 492 1823 534 valde
1853 505 2038 547 gravem

428 566 471 605 et
501 563 782 605 maliciosam
820 562 1099 604 invasionem
1145 563 1364 604 dederunt
1405 563 1459 604 ab
1493 563 1606 603 hora
1636 562 1778 604 tercia
1808 575 1949 617 usque
1982 562 2039 603 ad

425 633 585 675 horam
631 646 816 685 nonam,
863 632 1070 674 continue
1116 632 1391 676 resistentes.
1471 631 1558 675 Sed
1605 632 1811 675 dominus
1853 645 1906 673 ex
1945 631 2039 674 alto

426 704 707 760 prospiciens
750 703 816 745 ita
859 703 1050 745 feliciter
1094 704 1322 746 coadiuvit
1352 704 1546 758 incepta,
1591 704 1710 759 quod
1742 702 1913 744 inimici
1946 702 2039 744 eius

426 774 593 830 prefati
633 774 865 816 hominum
903 773 1154 816 ministerio
1196 787 1279 816 sua
1318 773 1486 816 virtute
1530 774 1706 827 devicti,
1748 773 2040 829 ipsorumque

428 845 663 902 capitaneo
708 858 808 886 cum
855 845 949 886 ictu
996 843 1229 887 cuiusdam
1274 844 1470 885 maxime
1517 844 1700 896 baliste,
1750 857 1835 899 que
1877 843 2041 885 dicitur

426 915 690 971 Espingala,
722 914 920 957 letaliter
954 915 1249 969 vulnerato,2>
1276 919 1464 970 propter
1497 915 1616 970 quod
1647 914 1765 956 inter
1791 928 1866 957 eos
1897 913 2042 955 multa

425 986 634 1042 planctus
669 988 712 1028 et
742 985 1090 1028 lamentationes
1122 985 1407 1027 insurrexere
1440 985 1628 1038 diverse,
1661 988 1791 1040 terga
1823 985 2042 1027 dederunt

426 1056 531 1112 fuge
579 1057 872 1112 ipsorumque
908 1056 1041 1099 malis
1076 1055 1199 1110 ...d)
1261 1056 1431 1098 Eadem
1473 1055 1542 1097 die
1585 1069 1699 1110 pons
1742 1056 1860 1098 idem
1893 1055 2042 1097 extitit

426 1127 717 1170 laudabiliter
755 1130 1128 1170 consummatum.
1217 1125 1495 1181 Sciatisque,
1558 1130 1688 1182 pater
1745 1126 2041 1177 sanctissime,

426 1201 609 1254 pontem
668 1199 817 1254 ipsum
882 1198 1112 1253 eleganter
1161 1197 1258 1239 fore
1311 1197 1580 1252 dispositum
1634 1198 1691 1238 ad
1741 1197 2041 1239 resistendum

426 1269 611 1312 Venetis
653 1269 907 1325 sepedictis.
973 1267 1086 1310 Sunt
1123 1268 1345 1323 siquidem
1388 1271 1539 1310 castra
1582 1267 1733 1323 lignea
1770 1267 1881 1309 inibi
1913 1270 1957 1308 et
1989 1280 2042 1308 ex

427 1343 620 1394 utraque
671 1343 802 1395 parte
844 1339 954 1380 Padi
1008 1338 1246 1380 fabricata.
1328 1339 1395 1380 De
1443 1339 1604 1393 quibus
1651 1337 1846 1380 faciliter
1891 1337 2044 1380 resisti

427 1413 577 1465 potest
611 1411 777 1453 eisdem
811 1423 911 1452 cum
933 1408 1101 1451 lanceis
1135 1412 1176 1451 et
1203 1409 1395 1451 balistis.
1449 1409 1530 1450 Est
1561 1409 1746 1464 insuper
1775 1423 1828 1450 ex
1850 1412 2042 1462 utraque

427 1482 602 1536 partea)
652 1515 659 1522 .
697 1514 744 1521 ..
793 1479 1039 1535 stipendia,
1097 1493 1179 1534 pro
1233 1480 1341 1522 dicti
1388 1480 1539 1535 pontis
1593 1479 1798 1522 custodia
1849 1491 2042 1533 magnus

428 1551 693 1605 exercituss‘)
729 1584 736 1591 .
763 1585 770 1592 .
796 1585 803 1592 .

568 1632 927 1676 Clementissime
959 1633 1151 1685 domine,
1187 1647 1285 1675 cum
1319 1633 1438 1675 dicta
1466 1633 1535 1675 die
1562 1633 1742 1675 sabbati
1763 1646 1844 1688 per
1864 1632 2043 1674 litteras

429 1704 608 1746 abbatis
654 1703 922 1746 Tutellensis
971 1707 1014 1745 et
1061 1704 1231 1745 domini
1279 1703 1352 1758 [O]
1402 1705 1455 1746 de
1502 1704 1742 1759 T[rebis]3)
1786 1708 1829 1746 et
1867 1703 2043 1745 comitis

427 1774 768 1828 Romandiole4)
803 1780 847 1816 et
876 1775 1081 1827 aliorum,
1115 1774 1191 1829 qui
1214 1778 1319 1817 sunt
1340 1775 1404 1816 ibi
1424 1788 1507 1830 pro
1530 1775 1672 1827 vobis,
1704 1774 2043 1827 intellexissem,

428 1845 547 1900 quod
587 1844 708 1900 [ipsi]
756 1845 963 1900 pluribus
1011 1845 1221 1901 gentibus
1267 1846 1552 1901 indigebant,
1601 1859 1651 1887 eo
1684 1845 1891 1887 videlicet
1923 1844 2043 1899 quia,

428 1929 528 1957 cum
561 1916 783 1958 exercitus
815 1916 860 1957 in
894 1916 1040 1958 tribus
1072 1916 1198 1968 locis,
1228 1916 1399 1959 scilicet
1429 1917 1476 1958 in
1509 1916 1713 1959 custodia
1744 1915 1894 1970 pontis
1929 1915 2043 1958 eius-

428 1987 527 2028 dem
561 1989 604 2028 et
634 1986 680 2028 in
713 1986 942 2041 s[ervi]cio
966 1986 1024 2041 (Ρ)
1057 1987 1333 2029 marchionis
1363 2000 1415 2029 ac
1439 1987 1486 2028 in
1515 1986 1696 2029 civitate
1729 1989 1958 2028 teneretur
1987 1986 2045 2028 ad

426 2060 603 2100 vestras
649 2070 883 2111 expensas,
928 2070 1017 2099 non
1057 2057 1341 2100 sufficiebant
1372 2058 1419 2099 in
1450 2061 1520 2100 tot
1550 2057 1661 2101 locis
1693 2057 1774 2110 illi,
1808 2057 1884 2112 qui
1917 2058 2045 2098 erant

427 2127 608 2180 ibidem,
653 2141 735 2170 nec
779 2141 805 2169 a
836 2128 1215 2180 Bononiensibus,
1262 2129 1338 2184 qui
1371 2143 1424 2171 ex
1454 2129 1704 2183 preteritis,
1739 2128 1855 2172 sicut
1886 2141 2044 2169 revera

427 2200 652 2251 poterunt,
695 2212 743 2240 se
785 2200 1114 2254 pretendebant
1146 2202 1375 2254 gravatos,
1408 2213 1587 2254 possem
1620 2213 1787 2241 novum
1820 2212 1873 2241 ex
1906 2211 2044 2240 causa

427 2268 630 2322 predicta
676 2272 910 2324 reportare
956 2283 1232 2323 succursum,
1282 2269 1539 2312 Ferrariam
1583 2269 1735 2311 venire
1783 2269 2041 2312 deliberavi.

428 2339 487 2380 Et
518 2339 565 2381 in
598 2340 796 2382 crastino
824 2344 1043 2382 venerunt
1075 2341 1132 2382 ad
1164 2355 1235 2383 me
1257 2341 1656 2396 [am]baxa[tore]s
1681 2340 1810 2395 [tam]
1835 2354 1889 2382 ex
1914 2341 2044 2396 parte

429 2409 677 2453 communis
709 2411 916 2452 Ferrarie
959 2425 1094 2466 quam
1136 2426 1189 2453 ex
1220 2414 1351 2465 parte
1384 2415 1650 2464 ceterorum,
1692 2411 1769 2466 qui
1799 2423 1881 2465 pro
1914 2412 2043 2465 parte

428 2482 587 2522 nostra
634 2484 740 2523 sunt
786 2481 831 2523 in
881 2482 1092 2524 exercitu.
1169 2483 1238 2524 Ex
1282 2485 1413 2536 parte
1455 2481 1668 2538 [eorum?]
1703 2482 2045 2537 supplicabatur

428 2549 730 2603 uniformiter,
766 2552 884 2606 quod
906 2552 1013 2594 illuc
1034 2553 1233 2594 venirem
1257 2553 1452 2605 omnino,
1477 2567 1611 2608 quam
1635 2551 2041 2607 deliberatio[nem]

430 2620 663 2664 audientes
694 2621 1000 2665 Bononienses
1046 2623 1256 2665 dixerunt
1303 2636 1350 2666 se
1395 2637 1570 2666 mecum
1614 2624 1759 2666 ituros
1792 2626 1835 2665 et
1860 2623 2044 2664 tandem

428 2690 565 2732 michi
614 2692 831 2734 dederunt
876 2694 928 2735 de
972 2707 1089 2736 novo
1137 2694 1352 2737 ducentos
1400 2694 1571 2749 equites
1617 2697 1659 2736 et
1693 2695 1779 2736 duo
1810 2692 1937 2734 mih‘a
1967 2705 2042 2746 pe-

569 2760 600 2800 d)
624 2761 689 2795 Ein
714 2761 817 2796 Wort
840 2762 942 2797 fehlt.

570 2877 596 2921 ¹)
622 2877 791 2913 Giovanni
816 2880 978 2917 Soranzo.

568 2935 595 2979 3)
619 2936 684 2970 Die
708 2937 745 2971 in
769 2937 831 2972 Nr.
858 2940 925 2975 407
951 2941 1123 2983 genannte
1148 2939 1314 2974 Nuntien.

568 2994 596 3035 4)
621 2994 792 3030 Raimund
818 2996 965 3031 Athonis
992 2998 1033 3031 de
1059 2997 1201 3041 Aspello
1227 2998 1294 3031 seit
1320 2998 1420 3033 1309.
