2296 3512
1118 310 1166 314 --
1233 286 1314 326 646
1378 310 1432 314 —

464 413 592 454 XXV
624 413 670 454 in
703 413 841 468 equis.
905 413 962 454 Et
995 413 1065 454 die
1087 413 1300 455 mercurii
1333 415 1389 455 ad
1411 418 1511 456 octo
1544 415 1638 457 dies
1660 414 1841 457 finietur
1863 415 2082 459 terminus

466 484 711 525 eorundem
752 497 833 525 nec
880 486 1168 539 expectamus
1202 484 1395 538 amplius
1440 484 1691 527 subsidium
1724 499 1749 527 a
1781 486 1969 541 prelatis
2002 500 2083 528 nec

466 567 492 596 a
525 554 720 605 civitate,
753 554 841 596 nisi
872 553 988 596 forte
1012 567 1038 595 a
1060 554 1227 608 Lucab)
1263 589 1270 596 .
1307 589 1314 596 .
1351 589 1358 596 .
1396 568 1512 607 vero,
1542 555 1747 610 qujbusb)
1782 590 1789 597 .
1825 591 1832 597 .
1867 591 1874 598 .
1909 557 2082 598 nullum

463 625 703 666 habuimus
750 625 1001 666 subsidium
1038 639 1118 667 nec
1159 629 1448 681 expectamus
1487 627 1651 668 habere
1683 627 1808 678 nisib)
1844 661 1852 668 .
1888 661 1895 668 .
1932 660 1940 668 .
1974 627 2082 669 For-

463 695 645 747 liuium,
700 695 924 737 Fauencia
971 700 1014 737 et
1065 696 1239 738 Inmola
1287 697 1505 738 dederunt
1562 697 1690 740 nobis
1745 711 1826 752 pro
1870 698 2080 740 universo

465 766 734 820 quingentos
776 766 982 809 florenos.
1046 767 1331 809 Marchiones
1374 770 1524 808 autem
1563 768 1616 809 de
1653 767 1792 822 ligna,
1833 769 1885 810 de
1919 769 2081 823 quibus

465 837 595 878 nobis
641 836 906 890 scripsistis,
950 837 1121 892 requiri
1164 837 1352 880 fecimus
1397 837 1637 893 diligenter
1682 839 1733 880 de
1780 839 2081 894 promissione

464 908 584 949 facta
619 908 799 949 domino
822 912 992 951 nostro.
1045 909 1102 950 Et
1129 909 1275 950 adhuc
1295 922 1385 951 non
1411 909 1640 964 potuimus
1669 909 1839 964 aliquid
1866 910 2079 952 obtinere.

464 977 708 1033 Speramus
741 979 985 1034 quicquam
1020 980 1127 1021 boni
1159 981 1210 1021 de
1242 980 1367 1035 ipsis.
1424 980 1729 1022 Bononienses
1753 994 1858 1023 vero
1879 981 2082 1023 fecerunt

464 1055 507 1090 et
539 1049 724 1102 faciunt,
766 1049 978 1105 quicquid
1010 1054 1216 1105 possunt,
1249 1054 1401 1092 tamen
1435 1051 1541 1106 quia
1578 1064 1801 1106 pauperes
1835 1056 1952 1104 sunt,
1991 1066 2078 1094 non

462 1123 655 1174 possunt
714 1133 934 1175 expensas
998 1121 1192 1176 amplius
1256 1121 1477 1163 sustinere
1535 1128 1577 1162 et
1632 1121 1855 1163 neminem
1919 1123 2079 1165 amodo

462 1194 654 1245 possunt
706 1191 908 1243 mittere,
962 1192 1049 1235 nisi
1105 1192 1252 1247 primo
1305 1192 1441 1234 fuerit
1497 1192 1813 1247 stipendiatus.
1888 1193 2082 1249 Propter

464 1261 583 1315 quod
637 1261 989 1304 innumerabiles
1052 1276 1134 1305 nos
1191 1266 1371 1317 oportet
1430 1276 1650 1318 expensas
1703 1263 1854 1305 subire
1907 1267 1949 1305 et
2002 1264 2080 1307 sti-

464 1332 680 1386 pendiare
733 1333 979 1374 exercitum
1031 1333 1269 1375 infinitum.
1328 1334 1560 1376 Habemus
1613 1333 1730 1376 euim
1783 1338 1874 1377 tres
1931 1348 2081 1376 excer-

463 1403 592 1456 citus,
625 1403 670 1444 in
710 1403 891 1445 civitate
925 1418 1076 1455 unum,
1123 1404 1170 1445 in
1217 1417 1306 1458 quo
1355 1408 1459 1447 sunt
1498 1405 1695 1458 exceptis
1742 1404 1833 1446 illis
1873 1406 1926 1447 de
1972 1406 2081 1447 villa

463 1475 746 1528 quatercenti
774 1475 950 1530 equitus
976 1479 1017 1516 et
1041 1475 1163 1516 mille
1188 1476 1375 1530 pedites,
1400 1475 1444 1516 in
1468 1479 1602 1530 prato
1629 1475 1780 1527 alium,
1805 1475 1851 1517 in
1870 1490 1957 1531 quo
1977 1480 2081 1518 sunt

464 1544 710 1599 octingenti
745 1545 915 1600 equites
951 1550 993 1587 et
1023 1546 1218 1601 quinque
1242 1546 1365 1588 milia
1389 1547 1605 1601 peditum,
1629 1546 1675 1587 in
1697 1546 1730 1587 F
1734 1546 1979 1598 rancolino,
2003 1547 2081 1589 ubi

461 1614 648 1657 fecimus
663 1616 761 1657 fieri
782 1622 966 1671 pontem
987 1617 1295 1671 mi[ra]bilem,
1319 1630 1400 1672 per
1424 1630 1555 1672 quem
1573 1617 1734 1659 Veneti
1756 1617 2079 1659 desolationem

462 1686 651 1728 totalem
695 1687 928 1742 recipient,
971 1701 1070 1729 cum
1113 1702 1194 1743 per
1236 1689 1385 1743 ipsum
1428 1687 1704 1743 impediatur
1745 1687 1808 1729 eis
1840 1701 2079 1730 succursus

464 1760 507 1798 et
542 1757 767 1799 victualia.
802 1771 887 1812 que
921 1758 1158 1811 habebant,
1193 1761 1427 1801 sexcentos
1461 1759 1633 1813 equites
1667 1764 1708 1799 et
1739 1762 1933 1813 quatuor
1954 1758 2080 1800 milia

462 1827 666 1882 peditum
719 1829 774 1869 ab
832 1832 1023 1883 utraque
1075 1832 1205 1884 parte
1257 1829 1381 1871 Padi.
1466 1828 1589 1880 Quas
1640 1829 1819 1884 quidem
1859 1842 2079 1884 expensas

463 1901 643 1953 oportet
684 1900 938 1941 necessario
982 1913 1063 1941 nos
1104 1900 1255 1942 subire
1297 1899 1563 1943 festinantes
1596 1900 1742 1941 modis
1776 1900 1997 1950 omnibus,
2031 1902 2080 1942 ut

464 1972 566 2010 ante
618 1968 783 2011 festum
836 1970 957 2011 beati
1004 1970 1238 2013 Michaelis
1287 1971 1493 2012 obtatum
1542 1970 1769 2025 possimus
1816 1971 1981 2013 habere
2026 1972 2079 2013 de

462 2039 646 2082 Venetis
679 2040 945 2083 maledictis.
1008 2042 1124 2083 Nam
1158 2042 1197 2083 si
1229 2054 1370 2096 usque
1405 2041 1461 2082 ad
1488 2044 1666 2095 tempus
1688 2040 1801 2082 illud
1824 2046 1982 2083 contra
2005 2055 2078 2084 eos

464 2109 633 2165 aliquid
679 2112 825 2153 tacere
857 2125 946 2153 non
978 2125 1227 2167 possemus.
1270 2125 1411 2167 usque
1445 2113 1502 2153 ad
1535 2115 1724 2153 estatem
1757 2110 1959 2153 futuram
1990 2126 2079 2154 non

462 2194 696 2235 possemus
729 2195 890 2224 nocere
923 2183 1110 2234 eisdem,
1157 2186 1224 2224 set
1256 2187 1433 2224 tantum
1466 2186 1697 2237 oporteret
1727 2195 1810 2225 nos
1843 2183 1900 2224 ad
1933 2186 2079 2225 custo-

463 2251 583 2292 diam
618 2254 848 2294 attendere
889 2254 1099 2304 civitatis,
1141 2253 1244 2308 quia
1278 2260 1466 2308 propter
1496 2253 1819 2295 inundaciones
1859 2266 2075 2308 aquarum

462 2322 622 2363 Veneti
664 2326 813 2365 essent
855 2324 1024 2366 domini
1067 2325 1212 2366 tocius
1257 2338 1382 2379 aque.
1455 2324 1644 2379 Experti
1685 2337 1840 2366 sumus
1874 2337 1899 2365 a
1931 2324 2078 2376 modo,

463 2393 676 2448 quicquid
708 2395 856 2449 potuit
887 2395 933 2436 in
965 2396 1131 2437 mundo
1167 2395 1373 2450 experiri,
1409 2397 1452 2437 et
1483 2395 1699 2446 videmus,
1735 2395 1853 2449 quod
1875 2394 2079 2436 machine

465 2468 508 2505 et
542 2464 629 2505 alia
664 2464 856 2506 edifficia.
887 2466 1017 2508 nobis
1050 2479 1139 2507 non
1161 2473 1352 2521 prosunt
1376 2467 1431 2507 ad
1460 2465 1766 2507 confusionem
1792 2478 1959 2516 eorum,
1992 2464 2079 2506 nisi

464 2534 573 2589 quid
599 2538 754 2586 restat,
790 2537 907 2590 quod
934 2550 1014 2591 per
1035 2536 1155 2578 vires
1179 2550 1409 2579 armorum
1431 2536 1524 2588 fiat,
1560 2535 1772 2591 quicquid
1793 2535 1891 2576 fieri
1914 2535 2080 2590 poterit

463 2608 621 2646 contra
674 2618 761 2647 eos.
839 2605 913 2647 Illi
958 2611 1126 2659 autem,
1181 2607 1258 2662 qui
1305 2612 1409 2649 sunt
1451 2607 1497 2647 in
1545 2610 1695 2648 castro
1727 2605 1955 2656 Thedaldi‚
1988 2618 2078 2647 non

461 2675 630 2716 habent
673 2676 885 2717 victualia
917 2677 1004 2719 nisi
1036 2691 1118 2732 pro
1151 2678 1240 2719 XII
1273 2678 1428 2719 diebus
1462 2680 1653 2728 tantum,
1693 2680 1742 2717 ut
1773 2676 1917 2717 fertur
1948 2675 2076 2718 nobis

461 2759 544 2801 pro
580 2749 714 2797 certo,
750 2750 792 2787 et
823 2747 968 2789 maior
1000 2761 1107 2803 pars
1131 2751 1198 2790 est
1226 2748 1428 2803 ipsorum
1453 2747 1645 2797 infirma,
1680 2745 1877 2801 exceptis
1900 2746 2077 2801 paucis-

462 2817 601 2859 simis.
667 2817 833 2859 Omnes
867 2819 919 2859 de
952 2817 1126 2860 familia
1151 2822 1309 2861 nostra
1339 2818 1580 2860 existentes
1602 2817 1649 2858 in
1676 2816 1873 2858 exercitu
1896 2815 2078 2857 fuerunt

461 2887 642 2939 infirmi,
677 2891 720 2929 et
753 2901 906 2930 omnes
939 2889 1087 2930 sanati
1120 2894 1237 2940 sunt,
1272 2889 1531 2931 benedictus
1553 2889 1688 2930 Deus.
1751 2887 1942 2928 Demum
1973 2886 2077 2941 quia

461 2957 632 3000 factum
693 2958 951 3001 huiusmodi
1006 2958 1321 3001 festinantiam
1373 2959 1565 3014 requirit
1618 2971 1708 3000 non
1759 2956 1982 2999 modicam
2035 2961 2078 2999 et

604 3063 633 3106 b)
658 3063 724 3097 Ein
749 3063 800 3098 bis
825 3063 909 3097 zwei
936 3063 1078 3098 &Vester
1103 3063 1233 3099 fehlen.
