2296 3512
872 280 1188 320 —791—

222 405 389 447 domini
419 405 641 447 Johannis
675 405 826 448 audivi
860 406 915 447 ab
951 419 1000 447 eo
1034 407 1153 449 bona
1185 409 1324 450 verba
1357 412 1400 450 et
1432 409 1623 452 multum
1660 409 1838 464 placida

221 479 264 517 et
296 475 466 529 placuit
487 475 574 517 sibi
600 475 808 529 multum,
841 478 891 518 ut
924 476 1038 518 dixit
1071 477 1220 531 michi,
1255 478 1362 534 quia
1393 479 1600 522 dominus
1630 481 1683 522 de
1707 479 1838 523 Solli-

221 546 377 599 acho2)
427 546 541 587 dixit
588 546 695 599 sibi,
744 547 861 600 quod
910 560 990 588 vos
1038 547 1344 591 intendebatis
1388 550 1536 604 ipsum
1568 550 1748 593 mittere
1782 552 1838 594 ad

219 617 416 659 studium
440 617 707 660 Parisiense.
770 618 837 659 De
860 617 981 659 facto
1012 618 1249 661 divisionis
1283 621 1701 677 archiepiscopatus
1733 622 1837 664 Ter-

218 687 509 730 rachonensis
553 689 770 731 mandato
813 688 983 731 domini
1026 702 1142 744 pape
1184 690 1329 732 dicam
1371 692 1499 734 vobis
1537 692 1838 735 intencionem

218 771 345 801 suam
388 760 430 800 et
468 758 559 800 iam
598 757 770 800 factum
808 760 961 814 posuit
998 760 1045 801 in
1084 760 1367 804 consistorio.
1436 763 1503 804 De
1543 762 1664 806 facto
1706 763 1837 805 bene·

217 828 422 871 ficiorum
454 829 714 871 vacantium
737 829 783 871 in
816 833 941 872 terra
973 833 1140 884 vestra,
1181 831 1374 885 domine,
1407 833 1588 875 racione
1621 835 1837 878 constitu-

218 899 358 941 cionis
405 913 483 942 sue
530 900 765 954 respondit
811 901 948 942 michi
994 901 1041 943 in
1090 902 1329 955 peticione,
1378 916 1515 958 quam
1561 903 1648 946 sibi
1679 904 1836 957 obtuli,

218 970 338 1025 quod
382 970 679 1014 nominaretis
721 984 941 1025 personas
984 974 1027 1013 et
1076 972 1131 1015 ob
1166 973 1382 1016 honorem
1415 977 1617 1016 vestrum
1647 978 1837 1029 paratus

217 1044 315 1083 erat
336 1041 436 1095 ipsa
462 1041 679 1083 beneficia
712 1043 820 1084 dare
852 1042 1072 1096 personis,
1107 1055 1221 1099 quas
1253 1057 1334 1086 vos
1357 1045 1581 1087 duceretis
1603 1045 1838 1088 nominan-

217 1112 297 1153 das
443 1112 547 1154 Fuit
594 1111 682 1155 sibi
730 1112 1033 1167 supplicatum
1083 1127 1134 1155 ex
1182 1117 1313 1168 parte
1358 1116 1480 1170 regis
1526 1115 1837 1159 Maioricensis

214 1195 298 1238 pro
334 1182 560 1237 aliquibus
601 1185 643 1225 et
676 1183 934 1238 specialiter
965 1197 1048 1238 pro
1081 1183 1216 1227 sociis
1250 1187 1292 1227 et
1324 1184 1500 1227 familia
1532 1186 1838 1229 archidiaconi

214 1253 595 1296 Barchinonensis
638 1257 682 1296 et
724 1254 835 1296 nulli
878 1254 1081 1297 conferre
1126 1255 1270 1297 voluit
1411 1257 1485 1298 Ad
1524 1270 1738 1313 magnam
1771 1258 1837 1300 in-

215 1323 438 1366 stanciam
483 1324 789 1367 archidiaconi
833 1326 887 1367 de
924 1325 1144 1381 Ripparia
1192 1327 1285 1368 dixi
1323 1327 1504 1370 domino
1537 1341 1671 1382 pape,
1718 1329 1838 1384 quod

213 1397 402 1449 paratus
436 1398 534 1437 erat
565 1396 832 1437 renunciare
867 1396 1091 1450 prioratui
1118 1398 1170 1438 de
1193 1397 1438 1453 F[r]aga0)‚
1473 1398 1580 1453 quia
1601 1412 1689 1441 non
1712 1403 1837 1453 pote-

213 1469 286 1507 rat
317 1465 556 1508 defendere
588 1466 657 1508 ius
691 1467 876 1510 ecclesie
909 1470 953 1509 et
985 1469 1103 1523 quod
1138 1468 1347 1510 dominus
1380 1481 1499 1523 papa
1531 1470 1714 1512 deberet
1737 1483 1837 1512 eum

214 1535 418 1578 conferre
466 1537 647 1579 domino
694 1537 904 1580 Johanni.
988 1539 1045 1580 Et
1094 1538 1303 1582 dominus
1351 1552 1469 1594 papa
1516 1539 1601 1583 hoc
1643 1540 1836 1583 multum

215 1606 505 1662 [li]beraliter
550 1608 772 1651 concessit
804 1611 848 1650 et
880 1622 1016 1664 super
1047 1610 1131 1651 hoc
1163 1609 1249 1652 feci
1281 1623 1382 1652 eum
1415 1610 1568 1653 venire
1602 1614 1704 1653 ante
1737 1625 1837 1666 pre-

213 1678 411 1720 senciam
445 1678 615 1721 domini
647 1692 782 1733 pape,
811 1681 862 1721 ut
894 1680 1193 1722 renunciaret.
1256 1680 1317 1723 Et
1349 1694 1448 1723 cum
1481 1681 1567 1724 fuit
1600 1684 1703 1724 ante
1736 1696 1837 1738 pre-

213 1749 412 1791 senciam
452 1749 622 1791 domini
660 1763 776 1804 pape
808 1750 976 1805 incepit
1007 1751 1114 1793 flere
1147 1754 1190 1793 et
1222 1751 1366 1794 noluit
1397 1752 1663 1795 renunciare
1697 1756 1739 1795 et
1771 1753 1837 1796 ita

214 1819 422 1863 dominus
454 1833 573 1875 papa
605 1820 712 1862 fecit
746 1835 846 1863 eum
879 1821 1044 1876 expelli
1070 1823 1124 1864 de
1153 1835 1333 1865 camera
1367 1856 1375 1864 .
1402 1857 1410 1864 .
1441 1857 1448 1864 .
1484 1824 1586 1866 Dat.
1613 1824 1836 1867 Auinione

214 1889 334 1931 VIII.
359 1890 576 1932 kalendas
609 1891 784 1933 Marcii.

354 1959 444 1995 CRD
470 1960 574 1997 4217.
625 1960 682 1995 Or.
709 1962 793 2006 Pap.
820 1962 895 2006 Ssp.
946 1962 1046 1997 Stark
1071 1962 1327 1999 durchlochert.

212 2081 311 2120 495.
345 2079 483 2121 Vidal
517 2080 572 2122 de
604 2081 850 2124 villanova
882 2094 940 2123 an
971 2083 1132 2137 Jayme
1164 2083 1251 2125 11.:
1286 2083 1579 2138 Aussprache
1609 2084 1836 2126 zwischen

211 2149 241 2193 J
244 2150 447 2191 ohannes
470 2150 630 2194 XXH.
662 2152 756 2193 und
788 2152 887 2194 ihm
910 2153 1026 2195 iiber
1047 2153 1590 2196 Pfri'mdenkumulation
1611 2155 1706 2197 und
1722 2156 1834 2197 Vor-

212 2220 496 2273 anstellung,
518 2221 770 2264 besonders
795 2224 882 2265 mit
902 2223 1161 2266 Riicksicht
1182 2224 1269 2266 auf
1285 2225 1373 2267 den
1395 2224 1618 2267 Infanten
1633 2226 1661 2269 J
1666 2226 1834 2268 ohann.

755 2294 860 2347 (Um
897 2293 1007 2336 1317
1042 2292 1287 2349 Sommer.)

358 2388 393 2425 ].
425 2385 614 2440 Disapte
636 2386 804 2428 XXIII.
830 2386 924 2429 dies
958 2388 1011 2429 de
1042 2388 1184 2431 Juliol
1215 2403 1271 2444 yo
1304 2389 1381 2445 fuy
1414 2390 1584 2432 davant
1604 2390 1648 2432 lo
1672 2403 1836 2446 senyor

211 2468 346 2511 papa,
391 2455 468 2510 qui
507 2456 660 2497 mavia
704 2457 909 2513 assignat
952 2465 1114 2514 aquest
1155 2460 1230 2502 dia
1270 2473 1352 2516 per
1393 2461 1507 2516 hoyr
1538 2460 1606 2503 las
1640 2461 1834 2516 suplica-

213 2526 351 2579 cions‚
387 2540 472 2582 que
505 2539 560 2582 yo
595 2540 647 2568 en
679 2541 874 2582 presona
904 2532 1062 2572 vostra
1094 2530 1198 2573 avia
1230 2545 1256 2573 a
1288 2534 1527 2587 presentar
1560 2532 1646 2573 aell
1680 2546 1702 2574 e
1733 2546 1834 2588 pre-

212 2600 312 2639 sent
350 2597 413 2639 mi
450 2597 564 2652 hoye
603 2597 791 2653 algunes
830 2612 853 2640 e
886 2599 1098 2655 signales,
1139 2615 1161 2643 e
1193 2602 1348 2655 vehen,
1389 2616 1474 2658 que
1515 2602 1581 2646 les
1613 2603 1833 2657 peticions

211 2670 344 2710 tenen
377 2668 504 2721 molt,
546 2668 635 2720 dix,
679 2682 764 2723 que
803 2681 891 2711 non
926 2670 1046 2712 volia
1083 2685 1168 2727 pus
1200 2672 1315 2728 hoyr
1353 2687 1374 2715 e
1408 2674 1600 2715 demana
1633 2674 1833 2729 aquelles

211 2738 283 2781 del
314 2739 462 2780 infant
501 2740 589 2781 don
619 2739 781 2781 Johan.
844 2740 880 2781 E
918 2739 1047 2783 foren
1076 2741 1110 2784 li
1141 2745 1433 2797 presentades
1474 2757 1495 2785 e
1526 2743 1683 2799 hoyles
1715 2747 1833 2787 totes

212 2823 234 2851 e
267 2809 489 2852 deliuram
524 2809 711 2865 algunes
740 2813 888 2853 assats
921 2811 976 2853 be
1008 2825 1031 2853 e
1054 2812 1224 2856 daltres
1250 2814 1343 2856 mal
1375 2828 1397 2856 e
1430 2815 1524 2869 letg
1556 2828 1578 2856 e
1601 2814 1753 2866 altres,
1779 2828 1833 2856 en

212 2893 297 2935 que
335 2893 407 2924 res
449 2894 506 2922 no
544 2880 677 2923 volch
708 2880 776 2922 fer
809 2915 818 2922 .
854 2914 862 2922 .
898 2915 906 2923 .
940 2882 1080 2925 Entre
1120 2883 1186 2927 les
1224 2888 1401 2928 vostres
1438 2885 1660 2941 peticions
1698 2885 1833 2927 navia

280 2949 333 2977 494
351 2951 380 2995 0)
405 2950 449 2985 So
476 2949 774 2987 wahrscheinh'ch.

281 3056 334 3083 ⁴¹94
353 3055 379 3100 2)
406 3056 608 3091 Staatmann
634 3056 791 3101 Philipps
817 3057 848 3090 d.
874 3057 912 3092 L.
