2296 3512
1036 257 1353 297 —684—

386 386 544 426 contra
574 383 829 438 predictum
867 383 1189 438 imperatorem
1225 386 1371 427 totum
1404 384 1656 426 subsidium
1699 388 1742 426 et
1774 384 2004 437 sforcium,

386 456 505 510 quod
548 458 754 509 possent,
806 454 868 496 eis
914 454 1225 509 impenderent
1272 457 1315 497 et
1354 454 1564 497 iuvarent
1609 455 1843 509 eosdem.5)
1918 454 2007 506 Qui

385 538 536 577 casus,
578 525 684 567 licet
714 524 876 568 fuisset
922 524 1091 579 partim
1145 538 1226 579 per
1282 527 1471 568 eundem
1523 525 1713 567 fratrem
1760 525 2005 581 Rogerium

385 596 440 637 ab
473 595 573 650 ipso
605 595 840 650 principio,
876 598 919 636 et
950 595 1118 649 partim
1149 609 1231 650 per
1262 596 1515 651 predictum
1537 596 1859 651 Berengerium
1882 598 2005 650 post-

383 667 569 708 modum
600 665 859 720 impeditus,
884 680 983 708 cum
1006 666 1102 721 ipse
1124 666 1425 722 Berengerius
1448 669 1607 709 contra
1631 667 1897 708 mandatum
1920 666 2008 708 sibi

384 737 555 779 factum
578 750 659 791 per
677 737 908 779 dominum
932 751 1083 792 regem
1110 741 1154 779 et
1170 738 1532 793 promissionem,
1557 750 1692 793 quam
1717 738 1814 793 ipse
1836 736 2007 778 fecerat

384 807 503 849 dicto
522 808 632 862 regi,
645 807 974 863 prevaricando
986 809 1203 850 mandata
1216 811 1258 849 et
1274 808 1519 850 deficiendo
1537 808 1788 863 promissis,
1806 807 2006 863 propriis

382 878 657 920 utilitatibus
698 878 891 930 inhians,
936 878 1161 920 adheserit
1204 879 1323 920 dicto
1364 878 1644 934 imperatori,
1677 878 1926 920 vassallum
1959 891 2007 920 se

382 947 589 991 faciendo
624 949 732 1002 eius,
766 948 965 991 officium
999 953 1042 990 et
1072 951 1241 991 terram
1274 948 1530 1004 recipiendo
1563 949 1619 990 ab
1653 962 1703 991 eo
1737 953 1780 990 et
1812 948 2009 990 breviter

383 1022 529 1062 totum
577 1019 856 1062 contrarium
904 1021 957 1061 de
1004 1020 1105 1071 hiis,
1155 1033 1240 1074 que
1285 1019 1372 1062 sibi
1415 1019 1665 1061 iniunctum
1714 1022 1759 1061 et
1789 1033 1871 1075 per
1903 1033 2005 1061 eum

382 1091 609 1146 promissa
651 1091 832 1132 fuerant
872 1090 1140 1146 faciendo,6)
1183 1096 1334 1132 tamen
1375 1089 1496 1131 infra
1537 1103 1706 1145 paucos
1740 1089 1848 1143 dies,
1880 1093 2005 1145 post-

382 1174 518 1217 quam
549 1162 750 1217 predicte
783 1161 910 1216 galee
943 1160 1049 1202 illuc
1084 1161 1411 1215 applicuerant,
1444 1160 1681 1202 interfecto
1716 1160 1836 1203 dicto
1859 1160 2005 1216 Roge-

381 1232 449 1274 110
482 1246 564 1288 per
595 1232 738 1274 filium
770 1231 878 1273 dicti
910 1232 1262 1286 imsoeratorisJ)
1297 1231 1444 1273 evenit
1475 1231 1554 1284 ita,
1589 1232 1709 1287 quod
1740 1231 1849 1273 dicti
1872 1231 2007 1273 armi-

381 1304 491 1359 geri,
540 1303 749 1345 invocato
797 1302 976 1344 nomine
1025 1301 1209 1344 ecclesie
1256 1305 1547 1345 sacrosancte
1595 1302 1781 1358 eiusque
1830 1302 2004 1345 elevato

381 1374 561 1427 vexillo,
594 1374 937 1415 insurrexerunt
971 1373 1188 1415 adversus
1220 1373 1474 1428 predictum
1507 1372 1841 1428 imperatorem.
1907 1372 2007 1425 Quo

383 1458 491 1487 casu
533 1445 797 1487 adveniente
837 1443 1038 1498 predicte
1080 1443 1221 1498 galee,
1265 1458 1350 1499 que
1392 1446 1520 1485 erant
1557 1443 1603 1485 in
1641 1444 1847 1498 insiilisss)
1883 1444 2006 1486 adia-

383 1515 586 1557 centibus
628 1528 770 1570 prope
813 1514 1091 1569 Gfallipolim,
1133 1528 1222 1557 non
1255 1518 1501 1570 potuerunt
1540 1528 1670 1557 31111111
1715 1515 1911 1570 viagium
1952 1515 2009 1556 ad

382 1586 633 1628 destinatas
665 1585 838 1628 insulas
870 1586 1200 1641 percomplere,
1230 1586 1368 1627 immo
1392 1587 1449 1627 ad
1476 1585 1817 1640 requisitionem
1839 1585 2009 1627 factam

382 1657 526 1699 eidem
558 1656 701 1699 nobili
735 1655 929 1698 Sanchio
964 1661 1007 1697 et
1041 1656 1142 1698 aliis
1177 1656 1416 1712 armigeris
1449 1657 1684 1711 galearum
1718 1670 1798 1712 per
1832 1656 2007 1712 predic-

388 1731 483 1769 tum
516 1727 854 1782 Berengerium,
895 1740 1026 1782 quem
1065 1727 1156 1769 iam
1189 1731 1368 1769 mortuo
1401 1727 1605 1783 predicto
1638 1727 1779 1769 fratre
1811 1726 2006 1782 Rogerio

385 1799 599 1841 comitiva
632 1797 825 1839 aliorum
859 1798 1203 1852 armigerorum,
1239 1799 1315 1853 qui
1348 1812 1499 1841 secum
1530 1801 1672 1851 erant,
1706 1798 1753 1840 in
1777 1798 2006 1853 capitane-

382 1883 455 1911 um
505 1882 635 1911 suum
685 1869 897 1924 elegerat,
959 1873 1322 1924 properaverunt
1364 1869 1410 1910 in
1452 1869 1704 1911 subsidium
1747 1869 2003 1911 eorundem.

378 1940 436 1981 Et
468 1939 764 1982 existentibus
796 1952 878 1994 per
902 1939 1071 1982 multos
1094 1939 1189 1982 dies
1212 1939 1428 1995 predictis
1451 1939 1594 1995 galeis
1617 1944 1722 1981 ante
1746 1938 2001 1995 Calypolim

381 2014 425 2051 et
456 2011 925 2052 sumministrantibus
959 2010 1127 2053 eisdem
1161 2010 1401 2066 armigeris
1433 2011 1545 2053 illud
1585 2010 1850 2063 subsidium,
1885 2011 2006 2066 quod

379 2084 605 2136 poterant,
647 2084 743 2123 tum
789 2081 1023 2123 occasione
1065 2081 1269 2123 diuturni
1304 2081 1454 2136 viagii,
1489 2082 1610 2137 quod
1641 2082 1844 2137 predicte
1877 2081 2004 2136 galee

381 2154 593 2206 ceperant
631 2155 834 2207 tempore
872 2151 1068 2206 hyemali
1108 2165 1158 2193 30
1191 2156 1429 2194 ventorum
1464 2155 1507 2194 et
1539 2152 1680 2195 maris
1712 2152 2004 2194 renitentium

380 2224 716 2277 tempestatum,
751 2236 837 2277 que
868 2225 1044 2264 morate
1076 2221 1258 2264 fuerant
1291 2236 1367 2266 eas
1394 2223 1529 2279 longo
1565 2223 1738 2265 dierum
1771 2223 1925 2278 spacio
1958 2222 2005 2264 in

381 2293 540 2345 eundo,
575 2296 618 2335 et
649 2296 893 2348 postquam
927 2293 1068 2335 eciam
1091 2292 1274 2335 fuerunt
1302 2293 1348 2335 in
1380 2293 1471 2335 illis
1503 2294 1712 2349 partibus
1740 2306 1914 2335 moram
1940 2293 2005 2335 ibi

379 2365 616 2405 traxerant
656 2363 863 2416 multam,
908 2364 1019 2405 adeo
1066 2365 1186 2419 quod
1224 2367 1414 2419 propter
1450 2364 1639 2405 nimium
1681 2363 1841 2418 frigus,
1884 2364 2004 2419 quod

378 2435 659 2490 producebat
701 2434 817 2476 aeris
859 2434 986 2489 regio
1027 2434 1234 2490 parcium
1267 2436 1525 2487 earundem,
1560 2435 1706 2477 multa
1737 2448 1849 2491 gens
1882 2434 2002 2490 gale-

521 2516 549 2559 0)
574 2515 686 2549 insula
712 2516 865 2551 Λ11131011.

522 2621 548 2665 5)
574 2621 659 2655 Karl
689 2632 758 2655 von
782 2620 910 2665 Valois,
949 2621 1061 2656 durch
1099 2622 1194 2656 301110
1226 2622 1319 2656 Fran
1343 2622 1434 2656 Erbe
1473 2622 1533 2656 des
1568 2622 1818 2657 ostromischen
1842 2621 2001 2656 Reiches.

378 2680 426 2714 Er
451 2679 497 2714 ist
520 2680 617 2714 nicht
642 2679 739 2714 silius
765 2681 914 2714 sondern
939 2681 1049 2715 frater
1074 2681 1164 2725 regis
1190 2681 1347 2715 Francie.

526 2738 552 2782 ⁶)
579 2732 676 2772 ‘Uber
702 2739 756 2773 die
782 2739 927 2783 Ehrung
951 2739 1156 2783 Berengars,
1182 2739 1278 2774 seine
1296 2740 1510 2783 Ernennung
1536 2751 1615 2773 zum
1635 2740 1807 2784 Megadux
1832 2739 2004 2774 berichtet

378 2797 575 2832 Muntaner.

521 2854 548 2899 ⁷)
572 2855 627 2890 Im
651 2856 827 2900 Fruhjahr
846 2857 946 2893 1305.
990 2857 1138 2891 Michael
1154 2857 1244 2901 Lupi
1261 2858 1303 2892 de
1321 2857 1462 2892 Mendia
1486 2857 1639 2892 schreibt
1656 2868 1713 2891 am
1737 2856 1793 2890 24.
1807 2857 1891 2891 ι111111
1911 2856 2000 2891 1305

378 2925 440 2949 3113
458 2914 608 2959 Perugia
631 2925 676 2948 an
701 2916 768 2949 den
785 2916 912 2960 Konig:
940 2916 1063 2950 Frater
1078 2916 1246 2960 Rogerius
1271 2916 1340 2950 fuit
1365 2916 1531 2950 invitatus
1549 2927 1612 2960 per
1629 2918 1791 2959 nepotem
1810 2936 1853 2940 —-
1870 2914 1998 2949 falsch!

379 2993 423 3002 -ο
452 2974 670 3018 imperatoris
694 2976 730 3007 et
754 2985 859 3017 super
882 2985 1003 3008 mensa
1020 2975 1145 3009 occidit
1168 2986 1260 3018 eum,
1285 2977 1326 3009 ut
1342 2975 1468 3009 dicitur
1491 2975 1628 3018 publice
1652 2974 1688 3008 in
1705 2974 1811 3009 curia.
1855 2974 2000 3009 Saucius

378 3034 507 3067 fratrer
532 3034 649 3066 vester
674 3033 764 3076 cepit
788 3043 894 3067 unam
918 3033 1067 3067 insulam
1093 3034 1238 3073 noviter,
1265 3044 1331 3077 que
1356 3033 1483 3068 dicitur
1508 3033 1638 3076 Galipo.
