2296 3512
1045 251 1364 291 —552—

391 390 450 413 ara
475 390 522 422 es,
549 390 653 423 agren
684 378 785 413 alcun
819 377 987 421 desplaer,
1021 388 1083 421 per
1108 388 1162 412 sso
1197 388 1256 411 001·
1281 377 1312 411 10
1340 388 1402 421 rey
1427 377 1579 421 Darago,
1606 388 1662 411 res
1687 378 1803 420 dasso,
1831 388 1897 422 que
1922 378 2014 421 feya,

390 437 466 472 nols
491 439 528 472 fo
555 438 694 472 assaber
711 465 719 472 .
741 465 747 471 .
769 465 774 470 .
814 437 917 470 Sonst
942 436 1104 470 wiinscht
1130 447 1168 470 er
1194 435 1370 470 natiirlich
1397 436 1451 469 die
1477 435 1682 480 Eroberung
1707 436 1818 470 durch
1844 437 1922 479 den,
1950 436 2015 470 der

390 497 464 530 ihm
489 498 551 530 der
574 497 695 530 liebste
721 496 857 530 Bruder
881 495 942 528 auf
971 495 1032 529 der
1057 495 1154 528 Welt
1179 495 1234 531 ist.

533 567 623 603 CRD
651 568 740 602 1035
773 578 799 600 s.
826 567 853 600 f.
903 566 986 609 Pap.
1037 566 1283 610 Gleichzeitige
1316 566 1578 609 Austertigung.
1630 565 1934 599 KVahrscheinlich
1970 565 2016 599 ist

393 627 494 662 1309.
543 627 642 661 Nach
679 627 741 660 der
777 636 909 670 ganzen
935 625 1241 659 Ausdrucksweise
1279 625 1430 669 geboren
1465 624 1518 658 die
1546 624 1729 668 Vorgange
1756 625 1817 657 der
1842 624 2011 658 nachsten

391 685 672 730 Vergangenheit
696 696 739 718 an
765 685 835 718 und
860 684 904 718 151
928 683 1059 717 Robert
1083 685 1171 718 noch
1198 683 1295 717 nicht
1321 683 1420 727 lange
1446 683 1568 726 Konig.

393 852 488 892 361.
512 849 733 892 Nikolaus
756 849 865 892 Oria
891 862 949 891 an
970 851 1131 905 Jayme
1152 849 1239 891 IL:
1274 848 1558 902 glanzender
1580 846 1689 902 Sieg
1712 848 1795 890 der
1817 849 2014 890 Pisaner

390 922 506 963 iiber
546 921 743 963 Florenz
786 922 863 962 bei
894 921 1048 962 Monte
1081 919 1249 962 Catini.
1311 920 1450 961 Reise
1495 919 1579 960 der
1623 919 2012 972 aragonesischen

692 990 915 1045 Konigin.
978 989 1137 1033 Genua
1170 989 1322 1044 (1315)
1355 988 1628 1043 September
1660 989 1700 1031 1.

533 1084 669 1128 Sacre
714 1085 836 1140 regie
880 1084 1111 1127 maiestati
1154 1086 1421 1139 Aragonum
1464 1082 1680 1125 Nicolaus
1728 1083 1868 1125 Aurie
1915 1096 2015 1125 cum

393 1156 513 1198 omni
547 1156 785 1198 devotione
818 1169 864 1197 50
897 1158 1056 1197 1011101.
1120 1156 1173 1196 Ιο
1206 1154 1276 1196 die
1310 1153 1605 1196 decolationis
1642 1154 1763 1195 beati
1794 1153 2014 1196 Johannis

391 1227 611 1282 Baptiste,
657 1227 727 1268 die
758 1226 935 1268 veneris
980 1240 1156 1269 summo
1203 1238 1349 1277 mane,
1400 1224 1698 1267 existentibus
1744 1223 2014 1266 exercitibus

390 1298 660 1339 Pisanorum
703 1303 745 1338 et
778 1296 1143 1338 Florentinorum
1175 1295 1306 1337 valde
1342 1308 1496 1351 prope,
1539 1298 1588 1336 ut
1619 1295 1738 1336 inter
1776 1308 1822 1337 se
1863 1294 2015 1349 sepius

393 1368 658 1423 sagitarent,
682 1368 892 1423 princeps
918 1372 961 1409 et
982 1366 1245 1419 Florentini,
1270 1366 1471 1408 exercitu
1492 1368 1818 1417 murmurante,
1842 1368 2015 1407 motum

391 1438 505 1480 velle
537 1440 687 1481 facere
720 1439 1027 1490 ostenderunt,
1072 1438 1191 1492 quod
1227 1437 1381 1479 hostes
1415 1438 1467 1478 de
1509 1437 1717 1492 proximo
1750 1436 2013 1488 sencientes,

394 1510 617 1552 ordinatis
660 1509 916 1564 agminibus
950 1512 1109 1551 contra
1142 1508 1259 1561 illos,
1302 1508 1469 1550 bellum
1502 1507 1659 1549 habita
1693 1506 2014 1549 deliberatione

391 1581 572 1636 penitus
620 1580 880 1622 commitere
928 1581 1234 1621 decreverunt.
1304 1579 1431 1621 Unde
1478 1578 1627 1634 prima
1675 1578 1768 1619 acie
1805 1577 2015 1619 Teutoni-

394 1665 547 1693 corum
580 1651 780 1692 irruente
807 1651 852 1692 in
875 1651 1241 1693 Florentinorum
1276 1650 1522 1692 exercitum
1546 1652 1674 1691 tanto
1707 1649 1877 1704 impetu
1899 1652 2013 1689 tam-

394 1735 478 1777 que
509 1721 704 1763 terribili
727 1735 946 1777 aggressu
978 1722 1132 1763 hostes
1158 1721 1291 1763 nudis
1316 1720 1495 1763 ensibus
1520 1722 1855 1775 oppresserunt,
1888 1722 1938 1760 ut
1969 1718 2015 1760 in

394 1793 542 1835 subito
577 1793 633 1834 ad
671 1806 870 1847 pugnam
904 1792 1112 1835 omnibus
1155 1791 1364 1834 excitatis
1405 1805 1559 1833 omnes
1590 1790 1783 1832 viriliter
1815 1791 2015 1832 decerta—

393 1866 505 1905 rent.
568 1864 602 1904 F
607 1866 756 1904 actum
804 1862 891 1904 fuit
934 1863 1102 1905 bellum
1136 1862 1406 1904 acerrimum
1453 1861 1572 1903 inter
1614 1875 1688 1903 eos
1734 1865 1777 1902 et
1817 1860 2017 1902 breviter

392 1933 756 1976 Florentinorum
786 1934 985 1976 exercitu
1019 1934 1239 1976 suffocato
1272 1932 1498 1974 interfecti
1531 1935 1636 1975 sunt
1657 1931 1800 1973 frater
1831 1934 1874 1972 et
1895 1930 2016 1972 filius

393 2004 623 2060 principis.
678 2003 798 2056 Quid
823 2004 883 2047 sit
906 2006 958 2047 de
990 2004 1208 2060 principe,
1241 2003 1494 2059 ignoratur.
1547 2003 1605 2044 Et
1628 2002 1861 2054 asseritur,
1897 2002 2017 2056 quod

394 2075 516 2116 ultra
547 2075 762 2129 XXXffla)
797 2076 1020 2117 exercitus
1054 2074 1304 2117 Florentini
1342 2075 1460 2116 inter
1505 2086 1631 2116 cesos
1676 2077 1719 2115 et
1761 2075 1918 2127 captos
1961 2072 2018 2113 ad

394 2159 555 2188 manus
578 2146 776 2188 hostium
802 2149 1114 2202 pervenerunt.
1169 2144 1243 2188 Sic
1265 2145 1417 2187 divino
1443 2144 1609 2186 iudicio
1632 2143 1785 2185 Pisani
1808 2156 2017 2198 campum

395 2216 648 2258 obtinentes
699 2217 876 2260 nimicis
930 2217 1188 2259 conflictum
1240 2218 1509 2272 perpetuum
1560 2214 1859 2257 contulerunt.
1930 2212 2018 2266 Qui

396 2286 604 2328 videlicet
646 2287 833 2342 Ugucio,
886 2287 1119 2330 Teutonici
1170 2290 1213 2329 et
1256 2286 1410 2330 Pisani
1462 2287 1516 2328 de
1569 2285 1776 2328 hostibus
1824 2284 2018 2327 viriliter

394 2357 727 2412 triumphantes
751 2358 937 2400 victorie
960 2358 1154 2413 gloriam
1165 2357 1200 2412 b)
1225 2356 1455 2400 consecuti
1479 2358 1708 2411 reputant,
1727 2356 1813 2399 sibi
1835 2367 2015 2397 conces-

396 2441 494 2471 sam
508 2428 665 2470 celitus
681 2428 904 2471 altissimo
922 2428 1202 2484 disponente,
1222 2429 1342 2483 quod
1357 2428 1494 2469 etiam
1508 2426 1713 2469 nonnulli
1726 2427 1861 2469 modo
1877 2424 2014 2468 simih‘

396 2498 697 2553 suspicantur.
760 2499 828 2540 De
860 2499 1069 2554 partibus
1101 2499 1274 2541 Achaie
1308 2497 1459 2540 audivi
1491 2511 1634 2553 nuper
1666 2497 1808 2553 galeis
1839 2496 2018 2538 venien-

394 2569 532 2622 tibus,
571 2570 690 2624 quod
729 2582 858 2612 soror
890 2569 1060 2612 domini
1102 2570 1223 2625 regis
1257 2568 1382 2624 Cipri
1422 2581 1607 2611 consors
1640 2568 1839 2622 vestral)
1874 2569 1942 2609 est
1972 2566 2018 2608 in

396 2639 599 2682 Moltono
649 2643 799 2682 castro
844 2640 1148 2693 Venetorum,
1197 2654 1282 2696 que
1332 2639 1428 2681 Deo
1475 2639 1637 2681 comite
1683 2638 1771 2681 cito
1817 2636 2020 2694 perficiet

395 2710 517 2752 viam
550 2723 678 2752 suam
712 2744 720 2751 .
756 2744 765 2752 .
801 2744 809 2751 .
872 2711 976 2753 Dat.
1009 2712 1155 2753 Janue
1188 2711 1260 2753 die
1291 2711 1440 2766 primo
1474 2709 1766 2765 Septembris.

538 2791 628 2827 CRD
657 2791 786 2826 12446.
838 2791 894 2826 Or.
920 2792 1004 2836 Pap.
1031 2793 1106 2836 Ssp.
1155 2793 1187 2827 J.
1214 2792 1319 2826 dankt
1344 2803 1400 2826 am
1424 2791 1481 2825 24.
1508 2790 1713 2835 September
1737 2790 1808 2823 und
1834 2788 1935 2822 bittet
1959 2799 2019 2821 um

396 2850 537 2884 weitere
562 2850 808 2884 Nachrichten.
858 2851 942 2895 Reg.
968 2852 1036 2886 336
1062 2852 1089 2887 f.
1115 2852 1171 2885 47.

538 2922 568 2965 a)
593 2919 779 2955 Vielleicht
804 2923 888 2955 statt
913 2922 1016 2956 3000.
1061 2922 1090 2965 b)
1116 2922 1225 2965 glorie
1252 2921 1309 2958 Or.

540 3026 565 3066 ¹)
590 3026 656 3061 Die
681 3027 800 3061 zweite
827 3026 1010 3061 Gemahlin
1035 3027 1094 3061 des
1120 3027 1262 3071 Konigs‚
